<?xml version="1.0" encoding="UTF-8"?>
<!--Sample XML file generated by XMLSpy v2019 rel. 3 sp1 (x64) (http://www.altova.com)-->
<AuditFile xmlns:xsi="http://www.w3.org/2001/XMLSchema-instance" xmlns:n1="urn:StandardAuditFile-Taxation-Financial:NO" xsi:schemaLocation="urn:StandardAuditFile-Taxation-Financial:NO Norwegian_SAF-T_Financial_Schema_v_1.30.xsd">
	<Header>
		<AuditFileVersion>a</AuditFileVersion>
		<AuditFileCountry>aa</AuditFileCountry>
		<AuditFileDateCreated>1957-08-13</AuditFileDateCreated>
		<SoftwareCompanyName>a</SoftwareCompanyName>
		<SoftwareID>a</SoftwareID>
		<SoftwareVersion>a</SoftwareVersion>
		<Company>
			<RegistrationNumber>a</RegistrationNumber>
			<Name>a</Name>
			<Address>
				<StreetName>a</StreetName>
				<Number>a</Number>
				<AdditionalAddressDetail>a</AdditionalAddressDetail>
				<City>a</City>
				<PostalCode>a</PostalCode>
				<Region>a</Region>
				<Country>aa</Country>
				<AddressType>BillingAddress</AddressType>
			</Address>
			<Contact>
				<ContactPerson>
					<FirstName>a</FirstName>
					<Initials>a</Initials>
					<LastNamePrefix>a</LastNamePrefix>
					<LastName>a</LastName>
					<BirthName>a</BirthName>
					<Salutation>a</Salutation>
					<OtherTitles>a</OtherTitles>
				</ContactPerson>
				<Telephone>a</Telephone>
				<Fax>a</Fax>
				<Email>a</Email>
				<Website>http://www.altova.com/</Website>
				<MobilePhone>a</MobilePhone>
			</Contact>
			<TaxRegistration>
				<TaxRegistrationNumber>a</TaxRegistrationNumber>
				<TaxAuthority>Skatteetaten</TaxAuthority>
				<TaxVerificationDate>1957-08-13</TaxVerificationDate>
			</TaxRegistration>
			<BankAccount>
				<IBANNumber>a</IBANNumber>
				<BIC>a</BIC>
				<CurrencyCode>aaa</CurrencyCode>
				<GeneralLedgerAccountID>a</GeneralLedgerAccountID>
			</BankAccount>
		</Company>
		<DefaultCurrencyCode>aaa</DefaultCurrencyCode>
		<SelectionCriteria>
			<TaxReportingJurisdiction>a</TaxReportingJurisdiction>
			<CompanyEntity>a</CompanyEntity>
			<SelectionStartDate>1957-08-13</SelectionStartDate>
			<SelectionEndDate>1957-08-13</SelectionEndDate>
			<DocumentType>a</DocumentType>
			<OtherCriteria>a</OtherCriteria>
		</SelectionCriteria>
		<HeaderComment>a</HeaderComment>
		<TaxAccountingBasis>A</TaxAccountingBasis>
		<TaxEntity>a</TaxEntity>
		<UserID>a</UserID>
		<AuditFileSender>
			<RegistrationNumber>a</RegistrationNumber>
			<Name>a</Name>
			<Address>
				<StreetName>a</StreetName>
				<Number>a</Number>
				<AdditionalAddressDetail>a</AdditionalAddressDetail>
				<City>a</City>
				<PostalCode>a</PostalCode>
				<Region>a</Region>
				<Country>aa</Country>
				<AddressType>StreetAddress</AddressType>
			</Address>
			<Contact>
				<ContactPerson>
					<FirstName>a</FirstName>
					<Initials>a</Initials>
					<LastNamePrefix>a</LastNamePrefix>
					<LastName>a</LastName>
					<BirthName>a</BirthName>
					<Salutation>a</Salutation>
					<OtherTitles>a</OtherTitles>
				</ContactPerson>
				<Telephone>a</Telephone>
				<Fax>a</Fax>
				<Email>a</Email>
				<Website>http://www.altova.com/</Website>
				<MobilePhone>a</MobilePhone>
			</Contact>
			<TaxRegistration>
				<TaxRegistrationNumber>a</TaxRegistrationNumber>
				<TaxAuthority>Skatteetaten</TaxAuthority>
				<TaxVerificationDate>1957-08-13</TaxVerificationDate>
			</TaxRegistration>
			<BankAccount>
				<IBANNumber>a</IBANNumber>
				<BIC>a</BIC>
				<CurrencyCode>aaa</CurrencyCode>
				<GeneralLedgerAccountID>a</GeneralLedgerAccountID>
			</BankAccount>
		</AuditFileSender>
	</Header>
	<MasterFiles>
		<GeneralLedgerAccounts>
			<Account>
				<AccountID>a</AccountID>
				<AccountDescription>a</AccountDescription>
				<GroupingCategory>a</GroupingCategory>
				<GroupingCode>a</GroupingCode>
				<AccountType>GL</AccountType>
				<AccountCreationDate>1957-08-13</AccountCreationDate>
				<OpeningDebitBalance>0</OpeningDebitBalance>
				<ClosingDebitBalance>0</ClosingDebitBalance>
			</Account>
		</GeneralLedgerAccounts>
		<Customers>
			<Customer>
				<RegistrationNumber>a</RegistrationNumber>
				<Name>a</Name>
				<Address>
					<StreetName>a</StreetName>
					<Number>a</Number>
					<AdditionalAddressDetail>a</AdditionalAddressDetail>
					<City>a</City>
					<PostalCode>a</PostalCode>
					<Region>a</Region>
					<Country>aa</Country>
					<AddressType>PostalAddress</AddressType>
				</Address>
				<Contact>
					<ContactPerson>
						<FirstName>a</FirstName>
						<Initials>a</Initials>
						<LastNamePrefix>a</LastNamePrefix>
						<LastName>a</LastName>
						<BirthName>a</BirthName>
						<Salutation>a</Salutation>
						<OtherTitles>a</OtherTitles>
					</ContactPerson>
					<Telephone>a</Telephone>
					<Fax>a</Fax>
					<Email>a</Email>
					<Website>http://www.altova.com/</Website>
					<MobilePhone>a</MobilePhone>
				</Contact>
				<TaxRegistration>
					<TaxRegistrationNumber>a</TaxRegistrationNumber>
					<TaxAuthority>Skatteetaten</TaxAuthority>
					<TaxVerificationDate>1957-08-13</TaxVerificationDate>
				</TaxRegistration>
				<BankAccount>
					<IBANNumber>a</IBANNumber>
					<BIC>a</BIC>
					<CurrencyCode>aaa</CurrencyCode>
					<GeneralLedgerAccountID>a</GeneralLedgerAccountID>
				</BankAccount>
				<CustomerID>a</CustomerID>
				<SelfBillingIndicator>a</SelfBillingIndicator>
				<BalanceAccount>
					<AccountID>a</AccountID>
					<OpeningDebitBalance>0</OpeningDebitBalance>
					<ClosingDebitBalance>0</ClosingDebitBalance>
				</BalanceAccount>
				<PartyInfo>
					<PaymentTerms>
						<Days>0</Days>
						<Months>0</Months>
						<CashDiscountDays>0</CashDiscountDays>
						<CashDiscountRate>0</CashDiscountRate>
						<FreeBillingMonth>true</FreeBillingMonth>
					</PaymentTerms>
					<NaceCode>a</NaceCode>
					<CurrencyCode>aaa</CurrencyCode>
					<Type>Company</Type>
					<Status>Passive</Status>
					<Analysis>
						<AnalysisType>a</AnalysisType>
						<AnalysisID>a</AnalysisID>
					</Analysis>
					<Notes>String</Notes>
				</PartyInfo>
			</Customer>
		</Customers>
		<Suppliers>
			<Supplier>
				<RegistrationNumber>a</RegistrationNumber>
				<Name>a</Name>
				<Address>
					<StreetName>a</StreetName>
					<Number>a</Number>
					<AdditionalAddressDetail>a</AdditionalAddressDetail>
					<City>a</City>
					<PostalCode>a</PostalCode>
					<Region>a</Region>
					<Country>aa</Country>
					<AddressType>ShipFromAddress</AddressType>
				</Address>
				<Contact>
					<ContactPerson>
						<FirstName>a</FirstName>
						<Initials>a</Initials>
						<LastNamePrefix>a</LastNamePrefix>
						<LastName>a</LastName>
						<BirthName>a</BirthName>
						<Salutation>a</Salutation>
						<OtherTitles>a</OtherTitles>
					</ContactPerson>
					<Telephone>a</Telephone>
					<Fax>a</Fax>
					<Email>a</Email>
					<Website>http://www.altova.com/</Website>
					<MobilePhone>a</MobilePhone>
				</Contact>
				<TaxRegistration>
					<TaxRegistrationNumber>a</TaxRegistrationNumber>
					<TaxAuthority>Skatteetaten</TaxAuthority>
					<TaxVerificationDate>1957-08-13</TaxVerificationDate>
				</TaxRegistration>
				<BankAccount>
					<IBANNumber>a</IBANNumber>
					<BIC>a</BIC>
					<CurrencyCode>aaa</CurrencyCode>
					<GeneralLedgerAccountID>a</GeneralLedgerAccountID>
				</BankAccount>
				<SupplierID>a</SupplierID>
				<SelfBillingIndicator>a</SelfBillingIndicator>
				<BalanceAccount>
					<AccountID>a</AccountID>
					<OpeningDebitBalance>0</OpeningDebitBalance>
					<ClosingDebitBalance>0</ClosingDebitBalance>
				</BalanceAccount>
				<PartyInfo>
					<PaymentTerms>
						<Days>0</Days>
						<Months>0</Months>
						<CashDiscountDays>0</CashDiscountDays>
						<CashDiscountRate>0</CashDiscountRate>
						<FreeBillingMonth>true</FreeBillingMonth>
					</PaymentTerms>
					<NaceCode>a</NaceCode>
					<CurrencyCode>aaa</CurrencyCode>
					<Type>Government</Type>
					<Status>Passive</Status>
					<Analysis>
						<AnalysisType>a</AnalysisType>
						<AnalysisID>a</AnalysisID>
					</Analysis>
					<Notes>String</Notes>
				</PartyInfo>
			</Supplier>
		</Suppliers>
		<TaxTable>
			<TaxTableEntry>
				<TaxType>MVA</TaxType>
				<Description>Merverdiavgift</Description>
				<TaxCodeDetails>
					<TaxCode>a</TaxCode>
					<EffectiveDate>1957-08-13</EffectiveDate>
					<ExpirationDate>1957-08-13</ExpirationDate>
					<Description>a</Description>
					<TaxPercentage>0</TaxPercentage>
					<Country>aa</Country>
					<StandardTaxCode>0</StandardTaxCode>
					<Compensation>true</Compensation>
					<BaseRate>0</BaseRate>
				</TaxCodeDetails>
			</TaxTableEntry>
		</TaxTable>
		<AnalysisTypeTable>
			<AnalysisTypeTableEntry>
				<AnalysisType>a</AnalysisType>
				<AnalysisTypeDescription>a</AnalysisTypeDescription>
				<AnalysisID>a</AnalysisID>
				<AnalysisIDDescription>a</AnalysisIDDescription>
				<StartDate>1957-08-13</StartDate>
				<EndDate>1957-08-13</EndDate>
				<Status>Closed</Status>
				<Analysis>
					<AnalysisType>a</AnalysisType>
					<AnalysisID>a</AnalysisID>
				</Analysis>
			</AnalysisTypeTableEntry>
		</AnalysisTypeTable>
		<Owners>
			<Owner>
				<RegistrationNumber>a</RegistrationNumber>
				<Name>a</Name>
				<Address>
					<StreetName>a</StreetName>
					<Number>a</Number>
					<AdditionalAddressDetail>a</AdditionalAddressDetail>
					<City>a</City>
					<PostalCode>a</PostalCode>
					<Region>a</Region>
					<Country>aa</Country>
					<AddressType>StreetAddress</AddressType>
				</Address>
				<Contact>
					<ContactPerson>
						<FirstName>a</FirstName>
						<Initials>a</Initials>
						<LastNamePrefix>a</LastNamePrefix>
						<LastName>a</LastName>
						<BirthName>a</BirthName>
						<Salutation>a</Salutation>
						<OtherTitles>a</OtherTitles>
					</ContactPerson>
					<Telephone>a</Telephone>
					<Fax>a</Fax>
					<Email>a</Email>
					<Website>http://www.altova.com/</Website>
					<MobilePhone>a</MobilePhone>
				</Contact>
				<TaxRegistration>
					<TaxRegistrationNumber>a</TaxRegistrationNumber>
					<TaxAuthority>Skatteetaten</TaxAuthority>
					<TaxVerificationDate>1957-08-13</TaxVerificationDate>
				</TaxRegistration>
				<BankAccount>
					<IBANNumber>a</IBANNumber>
					<BIC>a</BIC>
					<CurrencyCode>aaa</CurrencyCode>
					<GeneralLedgerAccountID>a</GeneralLedgerAccountID>
				</BankAccount>
				<OwnerID>a</OwnerID>
				<AccountID>a</AccountID>
			</Owner>
		</Owners>
	</MasterFiles>
	<GeneralLedgerEntries>
		<NumberOfEntries>0</NumberOfEntries>
		<TotalDebit>0</TotalDebit>
		<TotalCredit>0</TotalCredit>
		<Journal>
			<JournalID>a</JournalID>
			<Description>a</Description>
			<Type>a</Type>
			<Transaction>
				<TransactionID>a</TransactionID>
				<Period>0</Period>
				<PeriodYear>1970</PeriodYear>
				<TransactionDate>1957-08-13</TransactionDate>
				<SourceID>a</SourceID>
				<VoucherType>a</VoucherType>
				<VoucherDescription>a</VoucherDescription>
				<TransactionType>a</TransactionType>
				<Description>a</Description>
				<BatchID>a</BatchID>
				<SystemEntryDate>1957-08-13</SystemEntryDate>
				<GLPostingDate>1957-08-13</GLPostingDate>
				<ModificationDate>1957-08-13</ModificationDate>
				<SystemID>a</SystemID>
				<Line>
					<RecordID>a</RecordID>
					<AccountID>a</AccountID>
					<Analysis>
						<AnalysisType>a</AnalysisType>
						<AnalysisID>a</AnalysisID>
						<DebitAnalysisAmount>
							<Amount>0</Amount>
							<CurrencyCode>aaa</CurrencyCode>
							<CurrencyAmount>0</CurrencyAmount>
							<ExchangeRate>0</ExchangeRate>
						</DebitAnalysisAmount>
					</Analysis>
					<ValueDate>1957-08-13</ValueDate>
					<SourceDocumentID>a</SourceDocumentID>
					<CustomerID>a</CustomerID>
					<SupplierID>a</SupplierID>
					<Description>a</Description>
					<DebitAmount>
						<Amount>0</Amount>
						<CurrencyCode>aaa</CurrencyCode>
						<CurrencyAmount>0</CurrencyAmount>
						<ExchangeRate>0</ExchangeRate>
					</DebitAmount>
					<TaxInformation>
						<TaxType>MVA</TaxType>
						<TaxCode>a</TaxCode>
						<TaxPercentage>0</TaxPercentage>
						<Country>aa</Country>
						<TaxBase>0</TaxBase>
						<TaxBaseDescription>a</TaxBaseDescription>
						<DebitTaxAmount>
							<Amount>0</Amount>
							<CurrencyCode>aaa</CurrencyCode>
							<CurrencyAmount>0</CurrencyAmount>
							<ExchangeRate>0</ExchangeRate>
						</DebitTaxAmount>
						<TaxExemptionReason>a</TaxExemptionReason>
						<TaxDeclarationPeriod>a</TaxDeclarationPeriod>
					</TaxInformation>
					<ReferenceNumber>a</ReferenceNumber>
					<CID>a</CID>
					<DueDate>1957-08-13</DueDate>
					<Quantity>0</Quantity>
					<CrossReference>a</CrossReference>
					<SystemEntryTime>2001-12-17T09:30:47Z</SystemEntryTime>
					<OwnerID>a</OwnerID>
				</Line>
			</Transaction>
		</Journal>
	</GeneralLedgerEntries>
</AuditFile>
