<?xml version="1.0" encoding="UTF-8"?>
<n1:AuditFile xmlns:n1="urn:StandardAuditFile-Taxation-Financial:NO" xmlns:xsi="http://www.w3.org/2001/XMLSchema-instance" xsi:schemaLocation="urn:StandardAuditFile-Taxation-Financial:NO Norwegian_SAF-T_Financial_Schema_v_1.10.xsd">
	<n1:Header>
		<n1:AuditFileVersion>1.0</n1:AuditFileVersion>
		<n1:AuditFileCountry>NO</n1:AuditFileCountry>
		<n1:AuditFileDateCreated>2018-01-10</n1:AuditFileDateCreated>
		<n1:SoftwareCompanyName>Nøyaktig Regnskapssystem</n1:SoftwareCompanyName>
		<n1:SoftwareID>N-SYS</n1:SoftwareID>
		<n1:SoftwareVersion>12.002</n1:SoftwareVersion>
		<n1:Company>
			<n1:RegistrationNumber>888888888</n1:RegistrationNumber>
			<n1:Name>Tøyen Lekefabrikk AS</n1:Name>
			<n1:Address>
				<n1:StreetName>Tøyenstredet 22</n1:StreetName>
				<n1:City>Oslo</n1:City>
				<n1:PostalCode>0235</n1:PostalCode>
				<n1:Country>NO</n1:Country>
			</n1:Address>
			<n1:Contact>
				<n1:ContactPerson>
					<n1:FirstName>Fredrikke</n1:FirstName>
					<n1:LastName>Lie</n1:LastName>
				</n1:ContactPerson>
				<n1:Telephone>87654321</n1:Telephone>
				<n1:Email>post@toyenlekefabrikk.offline</n1:Email>
			</n1:Contact>
			<n1:TaxRegistration>
				<n1:TaxRegistrationNumber>888888888MVA</n1:TaxRegistrationNumber>
			</n1:TaxRegistration>
			<n1:BankAccount>
				<n1:BankAccountNumber>98765432100</n1:BankAccountNumber>
				<n1:CurrencyCode>NOK</n1:CurrencyCode>
			</n1:BankAccount>
		</n1:Company>
		<n1:DefaultCurrencyCode>NOK</n1:DefaultCurrencyCode>
		<n1:SelectionCriteria>
			<n1:PeriodStart>01</n1:PeriodStart>
			<n1:PeriodStartYear>2017</n1:PeriodStartYear>
			<n1:PeriodEnd>04</n1:PeriodEnd>
			<n1:PeriodEndYear>2017</n1:PeriodEndYear>
		</n1:SelectionCriteria>
		<n1:TaxAccountingBasis>A</n1:TaxAccountingBasis>
	</n1:Header>
	<n1:MasterFiles>
		<n1:GeneralLedgerAccounts>
			<n1:Account>
				<n1:AccountID>1250</n1:AccountID>
				<n1:AccountDescription>Inventar</n1:AccountDescription>
				<n1:StandardAccountID>12</n1:StandardAccountID>
				<n1:AccountType>GL</n1:AccountType>
				<n1:AccountCreationDate>2015-01-01</n1:AccountCreationDate>
				<n1:OpeningDebitBalance>132500</n1:OpeningDebitBalance>
				<n1:ClosingDebitBalance>145500</n1:ClosingDebitBalance>
			</n1:Account>
			<n1:Account>
				<n1:AccountID>1420</n1:AccountID>
				<n1:AccountDescription>Varer under tilvirkning</n1:AccountDescription>
				<n1:StandardAccountID>14</n1:StandardAccountID>
				<n1:AccountType>GL</n1:AccountType>
				<n1:AccountCreationDate>2015-01-01</n1:AccountCreationDate>
				<n1:OpeningDebitBalance>957000</n1:OpeningDebitBalance>
				<n1:ClosingDebitBalance>957000</n1:ClosingDebitBalance>
			</n1:Account>
			<n1:Account>
				<n1:AccountID>1440</n1:AccountID>
				<n1:AccountDescription>Ferdige egentilvirkede varer</n1:AccountDescription>
				<n1:StandardAccountID>14</n1:StandardAccountID>
				<n1:AccountType>GL</n1:AccountType>
				<n1:AccountCreationDate>2015-01-01</n1:AccountCreationDate>
				<n1:OpeningDebitBalance>1578330</n1:OpeningDebitBalance>
				<n1:ClosingDebitBalance>1578330</n1:ClosingDebitBalance>
			</n1:Account>
			<n1:Account>
				<n1:AccountID>1460</n1:AccountID>
				<n1:AccountDescription>Innkjøpte varer for videresalg</n1:AccountDescription>
				<n1:StandardAccountID>14</n1:StandardAccountID>
				<n1:AccountType>GL</n1:AccountType>
				<n1:AccountCreationDate>2015-01-01</n1:AccountCreationDate>
				<n1:OpeningDebitBalance>30580</n1:OpeningDebitBalance>
				<n1:ClosingDebitBalance>30580</n1:ClosingDebitBalance>
			</n1:Account>
			<n1:Account>
				<n1:AccountID>1500</n1:AccountID>
				<n1:AccountDescription>Kundefordringer</n1:AccountDescription>
				<n1:StandardAccountID>15</n1:StandardAccountID>
				<n1:AccountType>GL</n1:AccountType>
				<n1:AccountCreationDate>2015-01-01</n1:AccountCreationDate>
				<n1:OpeningDebitBalance>15000</n1:OpeningDebitBalance>
				<n1:ClosingDebitBalance>103700</n1:ClosingDebitBalance>
			</n1:Account>
			<n1:Account>
				<n1:AccountID>1900</n1:AccountID>
				<n1:AccountDescription>Kontanter</n1:AccountDescription>
				<n1:StandardAccountID>19</n1:StandardAccountID>
				<n1:AccountType>GL</n1:AccountType>
				<n1:AccountCreationDate>2015-01-01</n1:AccountCreationDate>
				<n1:OpeningDebitBalance>12000</n1:OpeningDebitBalance>
				<n1:ClosingDebitBalance>11367.50</n1:ClosingDebitBalance>
			</n1:Account>
			<n1:Account>
				<n1:AccountID>1920</n1:AccountID>
				<n1:AccountDescription>Bankinnskudd</n1:AccountDescription>
				<n1:StandardAccountID>19</n1:StandardAccountID>
				<n1:AccountType>GL</n1:AccountType>
				<n1:AccountCreationDate>2015-01-01</n1:AccountCreationDate>
				<n1:OpeningDebitBalance>370000</n1:OpeningDebitBalance>
				<n1:ClosingDebitBalance>670568.75</n1:ClosingDebitBalance>
			</n1:Account>
			<n1:Account>
				<n1:AccountID>2000</n1:AccountID>
				<n1:AccountDescription>Egenkapital</n1:AccountDescription>
				<n1:StandardAccountID>20</n1:StandardAccountID>
				<n1:AccountType>GL</n1:AccountType>
				<n1:AccountCreationDate>2015-01-01</n1:AccountCreationDate>
				<n1:OpeningCreditBalance>225000</n1:OpeningCreditBalance>
				<n1:ClosingCreditBalance>225000</n1:ClosingCreditBalance>
			</n1:Account>
			<n1:Account>
				<n1:AccountID>2400</n1:AccountID>
				<n1:AccountDescription>Leverandørgjeld</n1:AccountDescription>
				<n1:StandardAccountID>24</n1:StandardAccountID>
				<n1:AccountType>GL</n1:AccountType>
				<n1:AccountCreationDate>2015-01-01</n1:AccountCreationDate>
				<n1:OpeningCreditBalance>175000</n1:OpeningCreditBalance>
				<n1:ClosingCreditBalance>212025.00</n1:ClosingCreditBalance>
			</n1:Account>
			<n1:Account>
				<n1:AccountID>2700</n1:AccountID>
				<n1:AccountDescription>Utgående merverdiavgift, høy sats</n1:AccountDescription>
				<n1:StandardAccountID>27</n1:StandardAccountID>
				<n1:AccountType>GL</n1:AccountType>
				<n1:AccountCreationDate>2015-01-01</n1:AccountCreationDate>
				<n1:OpeningCreditBalance>300000</n1:OpeningCreditBalance>
				<n1:ClosingCreditBalance>326375</n1:ClosingCreditBalance>
			</n1:Account>	
			<n1:Account>
				<n1:AccountID>2710</n1:AccountID>
				<n1:AccountDescription>Inngående merverdiavgift, høy sats</n1:AccountDescription>
				<n1:StandardAccountID>27</n1:StandardAccountID>
				<n1:AccountType>GL</n1:AccountType>
				<n1:AccountCreationDate>2015-01-01</n1:AccountCreationDate>
				<n1:OpeningDebitBalance>150000</n1:OpeningDebitBalance>
				<n1:ClosingDebitBalance>72762.50</n1:ClosingDebitBalance>
			</n1:Account>	
			<n1:Account>
				<n1:AccountID>2711</n1:AccountID>
				<n1:AccountDescription>Inngående merverdiavgift, middels sats</n1:AccountDescription>
				<n1:StandardAccountID>27</n1:StandardAccountID>
				<n1:AccountType>GL</n1:AccountType>
				<n1:AccountCreationDate>2015-01-01</n1:AccountCreationDate>
				<n1:OpeningDebitBalance>0</n1:OpeningDebitBalance>
				<n1:ClosingDebitBalance>0</n1:ClosingDebitBalance>
			</n1:Account>		
			<n1:Account>
				<n1:AccountID>2740</n1:AccountID>
				<n1:AccountDescription>Oppgjørskonto merverdiavgift</n1:AccountDescription>
				<n1:StandardAccountID>27</n1:StandardAccountID>
				<n1:AccountType>GL</n1:AccountType>
				<n1:AccountCreationDate>2015-01-01</n1:AccountCreationDate>
				<n1:OpeningCreditBalance>0</n1:OpeningCreditBalance>
				<n1:ClosingCreditBalance>0</n1:ClosingCreditBalance>
			</n1:Account>	
			<n1:Account>
				<n1:AccountID>3000</n1:AccountID>
				<n1:AccountDescription>Salgsinntekt handelsvarer, avgiftspliktig, høy sats</n1:AccountDescription>
				<n1:StandardAccountID>30</n1:StandardAccountID>
				<n1:AccountType>GL</n1:AccountType>
				<n1:AccountCreationDate>2015-01-01</n1:AccountCreationDate>
				<n1:OpeningDebitBalance>0</n1:OpeningDebitBalance>
				<n1:ClosingCreditBalance>2316338</n1:ClosingCreditBalance>
			</n1:Account>
			<n1:Account>
				<n1:AccountID>4000</n1:AccountID>
				<n1:AccountDescription>Varekjøp</n1:AccountDescription>
				<n1:StandardAccountID>40</n1:StandardAccountID>
				<n1:AccountType>GL</n1:AccountType>
				<n1:AccountCreationDate>2015-01-01</n1:AccountCreationDate>
				<n1:OpeningDebitBalance>0</n1:OpeningDebitBalance>
				<n1:ClosingDebitBalance>186802.00</n1:ClosingDebitBalance>
			</n1:Account>
			<n1:Account>
				<n1:AccountID>5000</n1:AccountID>
				<n1:AccountDescription>Lønn til ansatt</n1:AccountDescription>
				<n1:StandardAccountID>50</n1:StandardAccountID>
				<n1:AccountType>GL</n1:AccountType>
				<n1:AccountCreationDate>2015-01-01</n1:AccountCreationDate>
				<n1:OpeningDebitBalance>0</n1:OpeningDebitBalance>
				<n1:ClosingDebitBalance>1496000</n1:ClosingDebitBalance>
			</n1:Account>
			<n1:Account>
				<n1:AccountID>5092</n1:AccountID>
				<n1:AccountDescription>Feriepenger</n1:AccountDescription>
				<n1:StandardAccountID>50</n1:StandardAccountID>
				<n1:AccountType>GL</n1:AccountType>
				<n1:AccountCreationDate>2015-01-01</n1:AccountCreationDate>
				<n1:OpeningDebitBalance>0</n1:OpeningDebitBalance>
				<n1:ClosingDebitBalance>0</n1:ClosingDebitBalance>
			</n1:Account>
			<n1:Account>
				<n1:AccountID>6200</n1:AccountID>
				<n1:AccountDescription>Strøm</n1:AccountDescription>
				<n1:StandardAccountID>62</n1:StandardAccountID>
				<n1:AccountType>GL</n1:AccountType>
				<n1:AccountCreationDate>2015-01-01</n1:AccountCreationDate>
				<n1:OpeningDebitBalance>0</n1:OpeningDebitBalance>
				<n1:ClosingDebitBalance>40000</n1:ClosingDebitBalance>
			</n1:Account>
			<n1:Account>
				<n1:AccountID>6300</n1:AccountID>
				<n1:AccountDescription>Leie lokale</n1:AccountDescription>
				<n1:StandardAccountID>63</n1:StandardAccountID>
				<n1:AccountType>GL</n1:AccountType>
				<n1:AccountCreationDate>2015-01-01</n1:AccountCreationDate>
				<n1:OpeningDebitBalance>0</n1:OpeningDebitBalance>
				<n1:ClosingDebitBalance>150000</n1:ClosingDebitBalance>
			</n1:Account>
			<n1:Account>
				<n1:AccountID>6400</n1:AccountID>
				<n1:AccountDescription>Leie maskiner</n1:AccountDescription>
				<n1:StandardAccountID>64</n1:StandardAccountID>
				<n1:AccountType>GL</n1:AccountType>
				<n1:AccountCreationDate>2015-01-01</n1:AccountCreationDate>
				<n1:OpeningDebitBalance>0</n1:OpeningDebitBalance>
				<n1:ClosingDebitBalance>66000</n1:ClosingDebitBalance>
			</n1:Account>
			<n1:Account>
				<n1:AccountID>7195</n1:AccountID>
				<n1:AccountDescription>Arbeidstøygodtgjørelse</n1:AccountDescription>
				<n1:StandardAccountID>71</n1:StandardAccountID>
				<n1:AccountType>GL</n1:AccountType>
				<n1:AccountCreationDate>2015-01-01</n1:AccountCreationDate>
				<n1:OpeningDebitBalance>0</n1:OpeningDebitBalance>
				<n1:ClosingDebitBalance>699</n1:ClosingDebitBalance>
			</n1:Account>
			<n1:Account>
				<n1:AccountID>7320</n1:AccountID>
				<n1:AccountDescription>Reklameannonser</n1:AccountDescription>
				<n1:StandardAccountID>73</n1:StandardAccountID>
				<n1:AccountType>GL</n1:AccountType>
				<n1:AccountCreationDate>2015-01-01</n1:AccountCreationDate>
				<n1:OpeningDebitBalance>0</n1:OpeningDebitBalance>
				<n1:ClosingDebitBalance>62000</n1:ClosingDebitBalance>
			</n1:Account>
		</n1:GeneralLedgerAccounts>
		<n1:Customers>
			<n1:Customer>
				<n1:RegistrationNumber>987654321</n1:RegistrationNumber>
				<n1:Name>Leketøysbutikk Tøyen</n1:Name>
				<n1:Address>
					<n1:StreetName>Tøyenbekken 4</n1:StreetName>
					<n1:City>Oslo</n1:City>
					<n1:PostalCode>0238</n1:PostalCode>
					<n1:Country>NO</n1:Country>
					<n1:AddressType>StreetAddress</n1:AddressType>
				</n1:Address>
				<n1:Address>
					<n1:StreetName>Postboks 8701</n1:StreetName>
					<n1:City>OSLO</n1:City>
					<n1:PostalCode>0123</n1:PostalCode>
					<n1:Country>NO</n1:Country>
					<n1:AddressType>PostalAddress</n1:AddressType>
				</n1:Address>
				<n1:Contact>
					<n1:ContactPerson>
						<n1:FirstName>Kunde</n1:FirstName>
						<n1:LastName>Kontakt</n1:LastName>
					</n1:ContactPerson>
					<n1:Telephone>21549800</n1:Telephone>
					<n1:Fax>99999999</n1:Fax>
					<n1:Email>kontaktperson@leketoysbutikkentoyen.offline</n1:Email>
					<n1:Website>http://www.leketoysbutikkentoyen.offline/</n1:Website>
				</n1:Contact>
				<n1:TaxRegistration>
					<n1:TaxRegistrationNumber>911111111MVA</n1:TaxRegistrationNumber>
				</n1:TaxRegistration>
				<n1:BankAccount>
					<n1:IBANNumber>NO4912345678911</n1:IBANNumber>
					<n1:BIC>AAAAAAAA</n1:BIC>
					<n1:CurrencyCode>NOK</n1:CurrencyCode>
					<n1:GeneralLedgerAccountID>1952</n1:GeneralLedgerAccountID>
				</n1:BankAccount>
				<n1:CustomerID>1000</n1:CustomerID>
				<n1:AccountID>1500</n1:AccountID>
				<n1:OpeningDebitBalance>32000</n1:OpeningDebitBalance>
				<n1:ClosingDebitBalance>0</n1:ClosingDebitBalance>
				<n1:PartyInfo>
					<n1:PaymentTerms>
						<n1:Days>30</n1:Days>
						<n1:CashDiscountDays>5</n1:CashDiscountDays>
						<n1:CashDiscountRate>2.5</n1:CashDiscountRate>
						<n1:FreeBillingMonth>true</n1:FreeBillingMonth>
					</n1:PaymentTerms>
					<n1:NaceCode>47.190</n1:NaceCode>
					<n1:CurrencyCode>NOK</n1:CurrencyCode>
					<n1:Type>Company</n1:Type>
					<n1:Status>Active</n1:Status>
					<n1:Notes>kontaktperson: Albert på regnskap</n1:Notes>
				</n1:PartyInfo>
			</n1:Customer>
			<n1:Customer>
				<n1:RegistrationNumber>987612234</n1:RegistrationNumber>
				<n1:Name>Leker på Nett</n1:Name>
				<n1:Address>
					<n1:StreetName>Kalbakksmuget 224</n1:StreetName>
					<n1:City>Oslo</n1:City>
					<n1:PostalCode>0885</n1:PostalCode>
					<n1:Country>NO</n1:Country>
					<n1:AddressType>StreetAddress</n1:AddressType>
				</n1:Address>
				<n1:Address>
					<n1:StreetName>Kalbakksmuget 224</n1:StreetName>
					<n1:City>OSLO</n1:City>
					<n1:PostalCode>0885</n1:PostalCode>
					<n1:Country>NO</n1:Country>
					<n1:AddressType>PostalAddress</n1:AddressType>
				</n1:Address>
				<n1:Contact>
					<n1:ContactPerson>
						<n1:FirstName>Atle</n1:FirstName>
						<n1:LastName>Hansen</n1:LastName>
					</n1:ContactPerson>
					<n1:Telephone>22235500</n1:Telephone>
					<n1:Fax>99999999</n1:Fax>
					<n1:Email>innkjøp@lekerpanatt.offline</n1:Email>
					<n1:Website>http://www.lekerpanett.offline/</n1:Website>
				</n1:Contact>
				<n1:TaxRegistration>
					<n1:TaxRegistrationNumber>987612234MVA</n1:TaxRegistrationNumber>
				</n1:TaxRegistration>
				<n1:BankAccount>
					<n1:IBANNumber>NO4912355655911</n1:IBANNumber>
					<n1:BIC>AAAAAAAA</n1:BIC>
					<n1:CurrencyCode>NOK</n1:CurrencyCode>
				</n1:BankAccount>
				<n1:CustomerID>1001</n1:CustomerID>
				<n1:AccountID>1500</n1:AccountID>
				<n1:OpeningDebitBalance>2000</n1:OpeningDebitBalance>
				<n1:ClosingDebitBalance>265500</n1:ClosingDebitBalance>
				<n1:PartyInfo>
					<n1:PaymentTerms>
						<n1:Days>15</n1:Days>
						<n1:CashDiscountDays>0</n1:CashDiscountDays>
						<n1:CashDiscountRate>0</n1:CashDiscountRate>
						<n1:FreeBillingMonth>false</n1:FreeBillingMonth>
					</n1:PaymentTerms>
					<n1:NaceCode>47.190</n1:NaceCode>
					<n1:CurrencyCode>NOK</n1:CurrencyCode>
					<n1:Type>Company</n1:Type>
					<n1:Status>Active</n1:Status>
					<n1:Notes>kontaktperson økonomi: Frank på regnskap</n1:Notes>
				</n1:PartyInfo>
			</n1:Customer>
			<n1:Customer>
				<n1:RegistrationNumber>977902645</n1:RegistrationNumber>
				<n1:Name>De riktige barnelekene</n1:Name>
				<n1:Address>
					<n1:StreetName>Storsenteret 14</n1:StreetName>
					<n1:City>Drammen</n1:City>
					<n1:PostalCode>3004</n1:PostalCode>
					<n1:Country>NO</n1:Country>
					<n1:AddressType>StreetAddress</n1:AddressType>
				</n1:Address>
				<n1:Address>
					<n1:StreetName>Postboks 801</n1:StreetName>
					<n1:City>Drammen</n1:City>
					<n1:PostalCode>3001</n1:PostalCode>
					<n1:Country>NO</n1:Country>
					<n1:AddressType>PostalAddress</n1:AddressType>
				</n1:Address>
				<n1:Contact>
					<n1:ContactPerson>
						<n1:FirstName>Frida</n1:FirstName>
						<n1:LastName>Fredriksen</n1:LastName>
					</n1:ContactPerson>
					<n1:Telephone>31005666</n1:Telephone>
					<n1:Fax>74110036</n1:Fax>
					<n1:Email>post@de-riktige-barneleker.offline</n1:Email>
					<n1:Website>http://www.de-riktige-barneleker.offline/</n1:Website>
				</n1:Contact>
				<n1:TaxRegistration>
					<n1:TaxRegistrationNumber>977902645MVA</n1:TaxRegistrationNumber>
				</n1:TaxRegistration>
				<n1:BankAccount>
					<n1:IBANNumber>n.a</n1:IBANNumber>
					<n1:BIC>n.a</n1:BIC>
					<n1:CurrencyCode>NOK</n1:CurrencyCode>
				</n1:BankAccount>
				<n1:CustomerID>1002</n1:CustomerID>
				<n1:AccountID>1500</n1:AccountID>
				<n1:OpeningDebitBalance>0.00</n1:OpeningDebitBalance>
				<n1:ClosingDebitBalance>0.00</n1:ClosingDebitBalance>
				<n1:PartyInfo>
					<n1:PaymentTerms>
						<n1:Days>30</n1:Days>
						<n1:CashDiscountDays>0</n1:CashDiscountDays>
						<n1:CashDiscountRate>0</n1:CashDiscountRate>
						<n1:FreeBillingMonth>true</n1:FreeBillingMonth>
					</n1:PaymentTerms>
					<n1:NaceCode>47.190</n1:NaceCode>
					<n1:CurrencyCode>NOK</n1:CurrencyCode>
					<n1:Type>Company</n1:Type>
					<n1:Status>Active</n1:Status>
					<n1:Notes>tom</n1:Notes>
				</n1:PartyInfo>
			</n1:Customer>
			<n1:Customer>
				<n1:RegistrationNumber>980300169</n1:RegistrationNumber>
				<n1:Name>Super Grossisten</n1:Name>
				<n1:Address>
					<n1:StreetName>Alnavegen 730</n1:StreetName>
					<n1:City>Oslo</n1:City>
					<n1:PostalCode>0618</n1:PostalCode>
					<n1:Country>NO</n1:Country>
					<n1:AddressType>StreetAddress</n1:AddressType>
				</n1:Address>
				<n1:Address>
					<n1:StreetName>n.a</n1:StreetName>
					<n1:City>n.a</n1:City>
					<n1:PostalCode>n.a</n1:PostalCode>
					<n1:Country>NO</n1:Country>
					<n1:AddressType>PostalAddress</n1:AddressType>
				</n1:Address>
				<n1:Contact>
					<n1:ContactPerson>
						<n1:FirstName>Fritiof</n1:FirstName>
						<n1:LastName>Kontakt</n1:LastName>
					</n1:ContactPerson>
					<n1:Telephone>99999999</n1:Telephone>
					<n1:Fax>99999999</n1:Fax>
					<n1:Email>supergrossisten@gmail.offline</n1:Email>
					<n1:Website>http://www.supergrosisstenas.offline/</n1:Website>
				</n1:Contact>
				<n1:TaxRegistration>
					<n1:TaxRegistrationNumber>980300169MVA</n1:TaxRegistrationNumber>
				</n1:TaxRegistration>
				<n1:BankAccount>
					<n1:IBANNumber>NO4922322678911</n1:IBANNumber>
					<n1:BIC>AAAAAAAA</n1:BIC>
					<n1:CurrencyCode>NOK</n1:CurrencyCode>
				</n1:BankAccount>
				<n1:CustomerID>1003</n1:CustomerID>
				<n1:AccountID>1500</n1:AccountID>
				<n1:OpeningDebitBalance>100</n1:OpeningDebitBalance>
				<n1:ClosingCreditBalance>140000</n1:ClosingCreditBalance>
				<n1:PartyInfo>
					<n1:PaymentTerms>
						<n1:Days>30</n1:Days>
						<n1:CashDiscountDays>5</n1:CashDiscountDays>
						<n1:CashDiscountRate>2.0</n1:CashDiscountRate>
						<n1:FreeBillingMonth>true</n1:FreeBillingMonth>
					</n1:PaymentTerms>
					<n1:NaceCode>63.110</n1:NaceCode>
					<n1:CurrencyCode>NOK</n1:CurrencyCode>
					<n1:Type>Company</n1:Type>
					<n1:Status>Active</n1:Status>
					<n1:Notes>tom</n1:Notes>
				</n1:PartyInfo>
			</n1:Customer>
			<n1:Customer>
				<n1:RegistrationNumber>892040600</n1:RegistrationNumber>
				<n1:Name>NYE LEKER AS</n1:Name>
				<n1:Address>
					<n1:StreetName>Markveien 22</n1:StreetName>
					<n1:City>Oslo</n1:City>
					<n1:PostalCode>0550</n1:PostalCode>
					<n1:Country>NO</n1:Country>
					<n1:AddressType>StreetAddress</n1:AddressType>
				</n1:Address>
				<n1:Address>
					<n1:StreetName>Torvbakgata 12</n1:StreetName>
					<n1:City>OSLO</n1:City>
					<n1:PostalCode>0550</n1:PostalCode>
					<n1:Country>NO</n1:Country>
					<n1:AddressType>PostalAddress</n1:AddressType>
				</n1:Address>
				<n1:Contact>
					<n1:ContactPerson>
						<n1:FirstName>Pierre</n1:FirstName>
						<n1:LastName>Morrat</n1:LastName>
					</n1:ContactPerson>
					<n1:Telephone>99872023</n1:Telephone>
					<n1:Fax>99999999</n1:Fax>
					<n1:Email>PM@nyeleker.offline</n1:Email>
					<n1:Website>http://www.nyeleker-grunerløkka.offline/</n1:Website>
				</n1:Contact>
				<n1:TaxRegistration>
					<n1:TaxRegistrationNumber>892040600MVA</n1:TaxRegistrationNumber>
				</n1:TaxRegistration>
				<n1:BankAccount>
					<n1:IBANNumber>n.a</n1:IBANNumber>
					<n1:BIC>AAAAAAAA</n1:BIC>
					<n1:CurrencyCode>NOK</n1:CurrencyCode>
					<n1:GeneralLedgerAccountID>1950</n1:GeneralLedgerAccountID>
				</n1:BankAccount>
				<n1:CustomerID>1004</n1:CustomerID>
				<n1:AccountID>1500</n1:AccountID>
				<n1:OpeningDebitBalance>0.0</n1:OpeningDebitBalance>
				<n1:ClosingDebitBalance>10000</n1:ClosingDebitBalance>
				<n1:PartyInfo>
					<n1:PaymentTerms>
						<n1:Days>30</n1:Days>
						<n1:CashDiscountDays>5</n1:CashDiscountDays>
						<n1:CashDiscountRate>1</n1:CashDiscountRate>
						<n1:FreeBillingMonth>true</n1:FreeBillingMonth>
					</n1:PaymentTerms>
					<n1:NaceCode>47.190</n1:NaceCode>
					<n1:CurrencyCode>NOK</n1:CurrencyCode>
					<n1:Type>Company</n1:Type>
					<n1:Status>Active</n1:Status>
					<n1:Notes>Kredit sjekk OK</n1:Notes>
				</n1:PartyInfo>
			</n1:Customer>
			<n1:Customer>
				<n1:RegistrationNumber>988886666</n1:RegistrationNumber>
				<n1:Name>Lekegrossisten Karlsen</n1:Name>
				<n1:Address>
					<n1:StreetName>Røaveien 152</n1:StreetName>
					<n1:City>Asker</n1:City>
					<n1:PostalCode>1384</n1:PostalCode>
					<n1:Country>NO</n1:Country>
					<n1:AddressType>StreetAddress</n1:AddressType>
				</n1:Address>
				<n1:Address>
					<n1:StreetName>Røaveien 152</n1:StreetName>
					<n1:City>Asker</n1:City>
					<n1:PostalCode>1384</n1:PostalCode>
					<n1:Country>NO</n1:Country>
					<n1:AddressType>PostalAddress</n1:AddressType>
				</n1:Address>
				<n1:Contact>
					<n1:ContactPerson>
						<n1:FirstName>Kunde</n1:FirstName>
						<n1:LastName>Kontakt</n1:LastName>
					</n1:ContactPerson>
					<n1:Telephone>94873305</n1:Telephone>
					<n1:Fax>99999999</n1:Fax>
					<n1:Email>karlsen@lekegrossisten.offline</n1:Email>
					<n1:Website>http://www.lekegrossisten.offline/</n1:Website>
				</n1:Contact>
				<n1:TaxRegistration>
					<n1:TaxRegistrationNumber>890611007MVA</n1:TaxRegistrationNumber>
				</n1:TaxRegistration>
				<n1:BankAccount>
					<n1:IBANNumber>NO4912345678922</n1:IBANNumber>
					<n1:BIC>AAABBAAA</n1:BIC>
					<n1:CurrencyCode>NOK</n1:CurrencyCode>
					<n1:GeneralLedgerAccountID>1952</n1:GeneralLedgerAccountID>
				</n1:BankAccount>
				<n1:CustomerID>1005</n1:CustomerID>
				<n1:AccountID>1500</n1:AccountID>
				<n1:OpeningDebitBalance>12700</n1:OpeningDebitBalance>
				<n1:ClosingDebitBalance>0.00</n1:ClosingDebitBalance>
				<n1:PartyInfo>
					<n1:PaymentTerms>
						<n1:Days>30</n1:Days>
						<n1:CashDiscountDays>5</n1:CashDiscountDays>
						<n1:CashDiscountRate>2.5</n1:CashDiscountRate>
						<n1:FreeBillingMonth>true</n1:FreeBillingMonth>
					</n1:PaymentTerms>
					<n1:NaceCode>63.110</n1:NaceCode>
					<n1:CurrencyCode>NOK</n1:CurrencyCode>
					<n1:Type>Company</n1:Type>
					<n1:Status>Active</n1:Status>
					<n1:Notes>Kredittsjekk OK 06.10.2015</n1:Notes>
				</n1:PartyInfo>
			</n1:Customer>
		</n1:Customers>
		<n1:Suppliers>
			<n1:Supplier>
				<n1:RegistrationNumber>998877665</n1:RegistrationNumber>
				<n1:Name>Driftslokalemegleren AS</n1:Name>
				<n1:Address>
					<n1:StreetName>Jacob Alls Gate</n1:StreetName>
					<n1:Number>32</n1:Number>
					<n1:City>Oslo</n1:City>
					<n1:PostalCode>0451</n1:PostalCode>
					<n1:Country>NO</n1:Country>
					<n1:AddressType>StreetAddress</n1:AddressType>
				</n1:Address>
				<n1:Address>
					<n1:StreetName>Jacob Alls Gate 32</n1:StreetName>
					<n1:City>Oslo</n1:City>
					<n1:PostalCode>0451</n1:PostalCode>
					<n1:Country>NO</n1:Country>
					<n1:AddressType>PostalAddress</n1:AddressType>
				</n1:Address>
				<n1:Contact>
					<n1:ContactPerson>
						<n1:FirstName>Nathaniel</n1:FirstName>
						<n1:Initials>NN</n1:Initials>
						<n1:LastName>Nordseth</n1:LastName>
						<n1:Salutation>Hr.</n1:Salutation>
						<n1:OtherTitles>Daglig leder</n1:OtherTitles>
					</n1:ContactPerson>
					<n1:Telephone>994499944</n1:Telephone>
					<n1:Fax>99999999</n1:Fax>
					<n1:Email>NN@dlm.offline</n1:Email>
					<n1:Website>http://www.dlm.offline/</n1:Website>
				</n1:Contact>
				<n1:TaxRegistration>
					<n1:TaxRegistrationNumber>998877665MVA</n1:TaxRegistrationNumber>
				</n1:TaxRegistration>
				<n1:BankAccount>
					<n1:BankAccountNumber>12347778911</n1:BankAccountNumber>
					<n1:BankAccountName>Bank AS</n1:BankAccountName>
					<n1:SortCode>1234</n1:SortCode>
					<n1:BIC>AAAAAAPP</n1:BIC>
					<n1:CurrencyCode>NOK</n1:CurrencyCode>
					<n1:GeneralLedgerAccountID>1952</n1:GeneralLedgerAccountID>
				</n1:BankAccount>
				<n1:SupplierID>2000</n1:SupplierID>
				<n1:AccountID>2400</n1:AccountID>
				<n1:OpeningDebitBalance>0</n1:OpeningDebitBalance>
				<n1:ClosingCreditBalance>0</n1:ClosingCreditBalance>
				<n1:PartyInfo>
					<n1:PaymentTerms>
						<n1:Months>1</n1:Months>
					</n1:PaymentTerms>
					<n1:NaceCode>68.310</n1:NaceCode>
					<n1:CurrencyCode>NOR</n1:CurrencyCode>
					<n1:Type>Company</n1:Type>
					<n1:Status>Active</n1:Status>
				</n1:PartyInfo>
			</n1:Supplier>
			<n1:Supplier>
				<n1:RegistrationNumber>988776652</n1:RegistrationNumber>
				<n1:Name>Børres Leketøysmaskiner</n1:Name>
				<n1:Address>
					<n1:StreetName>Moseveien</n1:StreetName>
					<n1:Number>29</n1:Number>
					<n1:City>Molven</n1:City>
					<n1:PostalCode>4510</n1:PostalCode>
					<n1:Country>NO</n1:Country>
					<n1:AddressType>StreetAddress</n1:AddressType>
				</n1:Address>
				<n1:Address>
					<n1:StreetName>Moseveien 29</n1:StreetName>
					<n1:City>Moelven</n1:City>
					<n1:PostalCode>4510</n1:PostalCode>
					<n1:Country>NO</n1:Country>
					<n1:AddressType>PostalAddress</n1:AddressType>
				</n1:Address>
				<n1:Contact>
					<n1:ContactPerson>
						<n1:FirstName>Børre</n1:FirstName>
						<n1:Initials>BLL</n1:Initials>
						<n1:LastName>Larsen</n1:LastName>
						<n1:Salutation>Hr.</n1:Salutation>
						<n1:OtherTitles>Eier</n1:OtherTitles>
					</n1:ContactPerson>
					<n1:Telephone>95181366</n1:Telephone>
					<n1:Fax>99999999</n1:Fax>
					<n1:Email>Børre@maskina.com</n1:Email>
					<n1:Website>http://www.maskina.com/</n1:Website>
				</n1:Contact>
				<n1:TaxRegistration>
					<n1:TaxRegistrationNumber>999792662MVA</n1:TaxRegistrationNumber>
				</n1:TaxRegistration>
				<n1:BankAccount>
					<n1:BankAccountNumber>55545678911</n1:BankAccountNumber>
					<n1:BankAccountName>B3C AS</n1:BankAccountName>
					<n1:SortCode>1234</n1:SortCode>
					<n1:BIC>AAAAAAAA</n1:BIC>
					<n1:CurrencyCode>NOK</n1:CurrencyCode>
					<n1:GeneralLedgerAccountID>1952</n1:GeneralLedgerAccountID>
				</n1:BankAccount>
				<n1:SupplierID>2001</n1:SupplierID>
				<n1:AccountID>2400</n1:AccountID>
				<n1:OpeningCreditBalance>6200</n1:OpeningCreditBalance>
				<n1:ClosingCreditBalance>26825</n1:ClosingCreditBalance>
				<n1:PartyInfo>
					<n1:PaymentTerms>
						<n1:Months>1</n1:Months>
					</n1:PaymentTerms>
					<n1:NaceCode>77.390</n1:NaceCode>
					<n1:CurrencyCode>NOR</n1:CurrencyCode>
					<n1:Type>Company</n1:Type>
					<n1:Status>Active</n1:Status>
				</n1:PartyInfo>
			</n1:Supplier>
			<n1:Supplier>
				<n1:RegistrationNumber>987654651</n1:RegistrationNumber>
				<n1:Name>Myke Tekstiler AS</n1:Name>
				<n1:Address>
					<n1:StreetName>Grønland Torg</n1:StreetName>
					<n1:Number>5</n1:Number>
					<n1:City>Oslo</n1:City>
					<n1:PostalCode>0236</n1:PostalCode>
					<n1:Country>NO</n1:Country>
					<n1:AddressType>StreetAddress</n1:AddressType>
				</n1:Address>
				<n1:Address>
					<n1:StreetName>Grønnland Torg</n1:StreetName>
					<n1:City>Oslo</n1:City>
					<n1:PostalCode>0236</n1:PostalCode>
					<n1:Country>NO</n1:Country>
					<n1:AddressType>PostalAddress</n1:AddressType>
				</n1:Address>
				<n1:Contact>
					<n1:ContactPerson>
						<n1:FirstName>Namid</n1:FirstName>
						<n1:Initials>NS</n1:Initials>
						<n1:LastName>Salmann</n1:LastName>
						<n1:Salutation>Hr.</n1:Salutation>
						<n1:OtherTitles>Selger</n1:OtherTitles>
					</n1:ContactPerson>
					<n1:Telephone>99100200</n1:Telephone>
					<n1:Fax>99999999</n1:Fax>
					<n1:Email>salg@myketekstiler.offline</n1:Email>
					<n1:Website>http://www.myketekstiler.offline/</n1:Website>
				</n1:Contact>
				<n1:TaxRegistration>
					<n1:TaxRegistrationNumber>987654651MVA</n1:TaxRegistrationNumber>
				</n1:TaxRegistration>
				<n1:BankAccount>
					<n1:BankAccountNumber>91145678911</n1:BankAccountNumber>
					<n1:BankAccountName>kjappepenger AS</n1:BankAccountName>
					<n1:SortCode>1234</n1:SortCode>
					<n1:BIC>AA1234A</n1:BIC>
					<n1:CurrencyCode>NOK</n1:CurrencyCode>
					<n1:GeneralLedgerAccountID>1952</n1:GeneralLedgerAccountID>
				</n1:BankAccount>
				<n1:SupplierID>2002</n1:SupplierID>
				<n1:AccountID>2400</n1:AccountID>
				<n1:OpeningDebitBalance>0</n1:OpeningDebitBalance>
				<n1:ClosingCreditBalance>0</n1:ClosingCreditBalance>
				<n1:PartyInfo>
					<n1:PaymentTerms>
						<n1:Months>1</n1:Months>
					</n1:PaymentTerms>
					<n1:NaceCode>63.110</n1:NaceCode>
					<n1:CurrencyCode>NOR</n1:CurrencyCode>
					<n1:Type>Company</n1:Type>
					<n1:Status>Active</n1:Status>
				</n1:PartyInfo>
			</n1:Supplier>
			<n1:Supplier>
				<n1:RegistrationNumber>984561321</n1:RegistrationNumber>
				<n1:Name>Overpriset Strøm AS</n1:Name>
				<n1:Address>
					<n1:StreetName>Torget</n1:StreetName>
					<n1:Number>77</n1:Number>
					<n1:City>Bergen</n1:City>
					<n1:PostalCode>5022</n1:PostalCode>
					<n1:Country>NO</n1:Country>
					<n1:AddressType>StreetAddress</n1:AddressType>
				</n1:Address>
				<n1:Address>
					<n1:StreetName>PB 1003</n1:StreetName>
					<n1:City>Bergen</n1:City>
					<n1:PostalCode>5020</n1:PostalCode>
					<n1:Country>NO</n1:Country>
					<n1:AddressType>PostalAddress</n1:AddressType>
				</n1:Address>
				<n1:Contact>
					<n1:ContactPerson>
						<n1:FirstName>Konrad</n1:FirstName>
						<n1:Initials>KKB</n1:Initials>
						<n1:LastName>Billingstad</n1:LastName>
						<n1:Salutation>Hr.</n1:Salutation>
						<n1:OtherTitles>Kundekontakt</n1:OtherTitles>
					</n1:ContactPerson>
					<n1:Telephone>81562333</n1:Telephone>
					<n1:Fax>81562332</n1:Fax>
					<n1:Email>kontakt@overprisetstrom.offline</n1:Email>
					<n1:Website>http://www.os.offline/</n1:Website>
				</n1:Contact>
				<n1:TaxRegistration>
					<n1:TaxRegistrationNumber>984561321MVA</n1:TaxRegistrationNumber>
				</n1:TaxRegistration>
				<n1:BankAccount>
					<n1:BankAccountNumber>4895623655</n1:BankAccountNumber>
					<n1:BankAccountName>Banken ASA</n1:BankAccountName>
					<n1:SortCode>1234</n1:SortCode>
					<n1:BIC>SOPAAAAA</n1:BIC>
					<n1:CurrencyCode>NOK</n1:CurrencyCode>
					<n1:GeneralLedgerAccountID>1952</n1:GeneralLedgerAccountID>
				</n1:BankAccount>
				<n1:SupplierID>2003</n1:SupplierID>
				<n1:AccountID>2400</n1:AccountID>
				<n1:OpeningCreditBalance>24000</n1:OpeningCreditBalance>
				<n1:ClosingCreditBalance>24000</n1:ClosingCreditBalance>
				<n1:PartyInfo>
					<n1:PaymentTerms>
						<n1:Months>1</n1:Months>
					</n1:PaymentTerms>
					<n1:NaceCode>63.110</n1:NaceCode>
					<n1:CurrencyCode>NOR</n1:CurrencyCode>
					<n1:Type>Company</n1:Type>
					<n1:Status>Active</n1:Status>
				</n1:PartyInfo>
			</n1:Supplier>
			<n1:Supplier>
				<n1:RegistrationNumber>912391231</n1:RegistrationNumber>
				<n1:Name>Råvareleverandøren AS</n1:Name>
				<n1:Address>
					<n1:StreetName>Veien</n1:StreetName>
					<n1:Number>1</n1:Number>
					<n1:City>Trondheim</n1:City>
					<n1:PostalCode>7000</n1:PostalCode>
					<n1:Country>NO</n1:Country>
					<n1:AddressType>StreetAddress</n1:AddressType>
				</n1:Address>
				<n1:Address>
					<n1:StreetName>Postboks 43</n1:StreetName>
					<n1:City>Trondheim</n1:City>
					<n1:PostalCode>7001</n1:PostalCode>
					<n1:Country>NO</n1:Country>
					<n1:AddressType>PostalAddress</n1:AddressType>
				</n1:Address>
				<n1:Contact>
					<n1:ContactPerson>
						<n1:FirstName>Ole Arne</n1:FirstName>
						<n1:Initials>ON</n1:Initials>
						<n1:LastName>Nordmann</n1:LastName>
						<n1:Salutation>Hr.</n1:Salutation>
						<n1:OtherTitles>Daglig leder</n1:OtherTitles>
					</n1:ContactPerson>
					<n1:Telephone>92046703</n1:Telephone>
					<n1:Fax>92046707</n1:Fax>
					<n1:Email>ole.arne@ravarespesialisten.offline</n1:Email>
					<n1:Website>--/</n1:Website>
				</n1:Contact>
				<n1:TaxRegistration>
					<n1:TaxRegistrationNumber>912391231MVA</n1:TaxRegistrationNumber>
				</n1:TaxRegistration>
				<n1:BankAccount>
					<n1:BankAccountNumber>45665678922</n1:BankAccountNumber>
					<n1:BankAccountName>Bank AS</n1:BankAccountName>
					<n1:SortCode>1234</n1:SortCode>
					<n1:BIC>AAAKLOAA</n1:BIC>
					<n1:CurrencyCode>NOK</n1:CurrencyCode>
					<n1:GeneralLedgerAccountID>1952</n1:GeneralLedgerAccountID>
				</n1:BankAccount>
				<n1:SupplierID>2004</n1:SupplierID>
				<n1:AccountID>2400</n1:AccountID>
				<n1:OpeningDebitBalance>5000.50</n1:OpeningDebitBalance>
				<n1:ClosingCreditBalance>11499.50</n1:ClosingCreditBalance>
				<n1:PartyInfo>
					<n1:PaymentTerms>
						<n1:Months>1</n1:Months>
					</n1:PaymentTerms>
					<n1:NaceCode>73.110</n1:NaceCode>
					<n1:CurrencyCode>NOR</n1:CurrencyCode>
					<n1:Type>Company</n1:Type>
					<n1:Status>Active</n1:Status>
				</n1:PartyInfo>
			</n1:Supplier>
			<n1:Supplier>
				<n1:RegistrationNumber>912391444</n1:RegistrationNumber>
				<n1:Name>Aleksanders Mediehus</n1:Name>
				<n1:Address>
					<n1:StreetName>Kværnerstua</n1:StreetName>
					<n1:Number>45</n1:Number>
					<n1:City>Bærum</n1:City>
					<n1:PostalCode>1295</n1:PostalCode>
					<n1:Country>NO</n1:Country>
					<n1:AddressType>StreetAddress</n1:AddressType>
				</n1:Address>
				<n1:Address>
					<n1:StreetName>Kværnerstua 45</n1:StreetName>
					<n1:City>Bærum</n1:City>
					<n1:PostalCode>1295</n1:PostalCode>
					<n1:Country>NO</n1:Country>
					<n1:AddressType>PostalAddress</n1:AddressType>
				</n1:Address>
				<n1:Contact>
					<n1:ContactPerson>
						<n1:FirstName>Alex</n1:FirstName>
						<n1:Initials>ADUKS</n1:Initials>
						<n1:LastName>Siriussen</n1:LastName>
						<n1:Salutation>Hr.</n1:Salutation>
						<n1:OtherTitles>Eier</n1:OtherTitles>
					</n1:ContactPerson>
					<n1:Telephone>99999999</n1:Telephone>
					<n1:Fax>99999999</n1:Fax>
					<n1:Email>alex@a-medie.offline</n1:Email>
					<n1:Website>http://www.aleksanders-mediehus.offline/</n1:Website>
				</n1:Contact>
				<n1:TaxRegistration>
					<n1:TaxRegistrationNumber>912391444MVA</n1:TaxRegistrationNumber>
				</n1:TaxRegistration>
				<n1:BankAccount>
					<n1:BankAccountNumber>66785678002</n1:BankAccountNumber>
					<n1:BankAccountName>Banken ASA</n1:BankAccountName>
					<n1:SortCode>1234</n1:SortCode>
					<n1:BIC>OOKKAAAA</n1:BIC>
					<n1:CurrencyCode>NOK</n1:CurrencyCode>
					<n1:GeneralLedgerAccountID>1952</n1:GeneralLedgerAccountID>
				</n1:BankAccount>
				<n1:SupplierID>2005</n1:SupplierID>
				<n1:AccountID>2400</n1:AccountID>
				<n1:OpeningDebitBalance>0</n1:OpeningDebitBalance>
				<n1:ClosingDebitBalance>100</n1:ClosingDebitBalance>
				<n1:PartyInfo>
					<n1:PaymentTerms>
						<n1:Months>1</n1:Months>
					</n1:PaymentTerms>
					<n1:NaceCode>64.190</n1:NaceCode>
					<n1:CurrencyCode>NOR</n1:CurrencyCode>
					<n1:Type>Company</n1:Type>
					<n1:Status>Active</n1:Status>
				</n1:PartyInfo>
			</n1:Supplier>
		</n1:Suppliers>
		<n1:TaxTable>
			<n1:TaxTableEntry>
				<n1:TaxType>MVA</n1:TaxType>
				<n1:Description>Merverdiavgift</n1:Description>
				<n1:TaxCodeDetails>
					<n1:TaxCode>0</n1:TaxCode>
					<n1:Description>Ingen avgifter</n1:Description>
					<n1:TaxPercentage>0</n1:TaxPercentage>
					<n1:Country>NO</n1:Country>
					<n1:StandardTaxCode>0</n1:StandardTaxCode>
					<n1:BaseRate>100</n1:BaseRate>
				</n1:TaxCodeDetails>
			</n1:TaxTableEntry>
			<n1:TaxTableEntry>
				<n1:TaxType>MVA</n1:TaxType>
				<n1:Description>Merverdiavgift</n1:Description>
				<n1:TaxCodeDetails>
					<n1:TaxCode>1</n1:TaxCode>
					<n1:Description>Inngående avgift, høy sats</n1:Description>
					<n1:TaxPercentage>25</n1:TaxPercentage>
					<n1:Country>NO</n1:Country>
					<n1:StandardTaxCode>1</n1:StandardTaxCode>
					<n1:BaseRate>100</n1:BaseRate>
					<n1:BaseRate>70</n1:BaseRate>
				</n1:TaxCodeDetails>
			</n1:TaxTableEntry>
			<n1:TaxTableEntry>
				<n1:TaxType>MVA</n1:TaxType>
				<n1:Description>Merverdiavgift</n1:Description>
				<n1:TaxCodeDetails>
					<n1:TaxCode>1R</n1:TaxCode>
					<n1:Description>Inngående avgift, redusert sats</n1:Description>
					<n1:TaxPercentage>15</n1:TaxPercentage>
					<n1:Country>NO</n1:Country>
					<n1:StandardTaxCode>11</n1:StandardTaxCode>
					<n1:BaseRate>100</n1:BaseRate>
				</n1:TaxCodeDetails>
			</n1:TaxTableEntry>
			<n1:TaxTableEntry>
				<n1:TaxType>MVA</n1:TaxType>
				<n1:Description>Merverdiavgift</n1:Description>
				<n1:TaxCodeDetails>
					<n1:TaxCode>2</n1:TaxCode>
					<n1:Description>Utgående avgift, høy sats</n1:Description>
					<n1:TaxPercentage>25</n1:TaxPercentage>
					<n1:Country>NO</n1:Country>
					<n1:StandardTaxCode>3</n1:StandardTaxCode>
					<n1:BaseRate>100</n1:BaseRate>
				</n1:TaxCodeDetails>
			</n1:TaxTableEntry>
			<n1:TaxTableEntry>
				<n1:TaxType>MVA</n1:TaxType>
				<n1:Description>Merverdiavgift</n1:Description>
				<n1:TaxCodeDetails>
					<n1:TaxCode>3</n1:TaxCode>
					<n1:EffectiveDate>2008-01-01</n1:EffectiveDate>
					<n1:Description>Utgående avgift, redusert sats</n1:Description>
					<n1:TaxPercentage>15</n1:TaxPercentage>
					<n1:Country>NO</n1:Country>
					<n1:StandardTaxCode>31</n1:StandardTaxCode>
					<n1:BaseRate>100</n1:BaseRate>
				</n1:TaxCodeDetails>
			</n1:TaxTableEntry>
			<n1:TaxTableEntry>
				<n1:TaxType>MVA</n1:TaxType>
				<n1:Description>Merverdiavgift</n1:Description>
				<n1:TaxCodeDetails>
					<n1:TaxCode>4</n1:TaxCode>
					<n1:Description>Import, høy sats</n1:Description>
					<n1:TaxPercentage>25</n1:TaxPercentage>
					<n1:Country>NO</n1:Country>
					<n1:StandardTaxCode>21</n1:StandardTaxCode>
					<n1:BaseRate>100</n1:BaseRate>
				</n1:TaxCodeDetails>
			</n1:TaxTableEntry>
			<n1:TaxTableEntry>
				<n1:TaxType>MVA</n1:TaxType>
				<n1:Description>Merverdiavgift</n1:Description>
				<n1:TaxCodeDetails>
					<n1:TaxCode>3</n1:TaxCode>
					<n1:EffectiveDate>2006-01-01</n1:EffectiveDate>
					<n1:ExpirationDate>2007-12-31</n1:ExpirationDate>
					<n1:Description>Utgående avgift, redusert sats</n1:Description>
					<n1:TaxPercentage>14</n1:TaxPercentage>
					<n1:Country>NO</n1:Country>
					<n1:StandardTaxCode>31</n1:StandardTaxCode>
					<n1:BaseRate>100</n1:BaseRate>
				</n1:TaxCodeDetails>
			</n1:TaxTableEntry>
			<n1:TaxTableEntry>
				<n1:TaxType>MVA</n1:TaxType>
				<n1:Description>Merverdiavgift</n1:Description>
				<n1:TaxCodeDetails>
					<n1:TaxCode>5</n1:TaxCode>
					<n1:EffectiveDate>2010-01-01</n1:EffectiveDate>
					<n1:Description>Innførsel av varer, ingen merverdiavgiftsbehandling</n1:Description>
					<n1:TaxPercentage>0</n1:TaxPercentage>
					<n1:Country>NO</n1:Country>
					<n1:StandardTaxCode>20</n1:StandardTaxCode>
					<n1:BaseRate>100</n1:BaseRate>
				</n1:TaxCodeDetails>
			</n1:TaxTableEntry>
			<n1:TaxTableEntry>
				<n1:TaxType>MVA</n1:TaxType>
				<n1:Description>Merverdiavgift</n1:Description>
				<n1:TaxCodeDetails>
					<n1:TaxCode>10</n1:TaxCode>
					<n1:Description>Kompensasjon avgift, høy sats</n1:Description>
					<n1:TaxPercentage>25</n1:TaxPercentage>
					<n1:Country>NO</n1:Country>
					<n1:StandardTaxCode>1</n1:StandardTaxCode>
					<n1:Compensation>true</n1:Compensation>
					<n1:BaseRate>100</n1:BaseRate>
				</n1:TaxCodeDetails>
			</n1:TaxTableEntry>
		</n1:TaxTable>
		<n1:AnalysisTypeTable>
			<n1:AnalysisTypeTableEntry>
				<n1:AnalysisType>A</n1:AnalysisType>
				<n1:AnalysisTypeDescription>Avdeling</n1:AnalysisTypeDescription>
				<n1:AnalysisID>100</n1:AnalysisID>
				<n1:AnalysisIDDescription>Administrasjon</n1:AnalysisIDDescription>
				<n1:StartDate>2015-01-01</n1:StartDate>
				<n1:Status>Active</n1:Status>
			</n1:AnalysisTypeTableEntry>
			<n1:AnalysisTypeTableEntry>
				<n1:AnalysisType>A</n1:AnalysisType>
				<n1:AnalysisTypeDescription>Avdeling</n1:AnalysisTypeDescription>
				<n1:AnalysisID>101</n1:AnalysisID>
				<n1:AnalysisIDDescription>Salg</n1:AnalysisIDDescription>
				<n1:StartDate>2015-01-01</n1:StartDate>
				<n1:Status>Active</n1:Status>
			</n1:AnalysisTypeTableEntry>
			<n1:AnalysisTypeTableEntry>
				<n1:AnalysisType>A</n1:AnalysisType>
				<n1:AnalysisTypeDescription>Avdeling</n1:AnalysisTypeDescription>
				<n1:AnalysisID>102</n1:AnalysisID>
				<n1:AnalysisIDDescription>Produksjon</n1:AnalysisIDDescription>
				<n1:StartDate>2015-01-01</n1:StartDate>
				<n1:Status>Active</n1:Status>
			</n1:AnalysisTypeTableEntry>
			<n1:AnalysisTypeTableEntry>
				<n1:AnalysisType>P</n1:AnalysisType>
				<n1:AnalysisTypeDescription>Prosjekt</n1:AnalysisTypeDescription>
				<n1:AnalysisID>200</n1:AnalysisID>
				<n1:AnalysisIDDescription>Spinnere</n1:AnalysisIDDescription>
				<n1:StartDate>2016-01-01</n1:StartDate>
				<n1:EndDate>2017-12-31</n1:EndDate>
				<n1:Status>Active</n1:Status>
			</n1:AnalysisTypeTableEntry>
			<n1:AnalysisTypeTableEntry>
				<n1:AnalysisType>P</n1:AnalysisType>
				<n1:AnalysisTypeDescription>Prosjekt</n1:AnalysisTypeDescription>
				<n1:AnalysisID>202</n1:AnalysisID>
				<n1:AnalysisIDDescription>Søte kosebamser</n1:AnalysisIDDescription>
				<n1:StartDate>2016-01-01</n1:StartDate>
				<n1:Status>Active</n1:Status>
			</n1:AnalysisTypeTableEntry>
			<n1:AnalysisTypeTableEntry>
				<n1:AnalysisType>P</n1:AnalysisType>
				<n1:AnalysisTypeDescription>Prosjekt</n1:AnalysisTypeDescription>
				<n1:AnalysisID>90</n1:AnalysisID>
				<n1:AnalysisIDDescription>Naturens Byggeklosser</n1:AnalysisIDDescription>
				<n1:StartDate>2015-01-01</n1:StartDate>
				<n1:EndDate>2099-12-31</n1:EndDate>
				<n1:Status>Active</n1:Status>
			</n1:AnalysisTypeTableEntry>
			<n1:AnalysisTypeTableEntry>
				<n1:AnalysisType>P</n1:AnalysisType>
				<n1:AnalysisTypeDescription>Prosjekt</n1:AnalysisTypeDescription>
				<n1:AnalysisID>203</n1:AnalysisID>
				<n1:AnalysisIDDescription>Baby's First Choice</n1:AnalysisIDDescription>
				<n1:StartDate>2016-06-01</n1:StartDate>
				<n1:Status>Active</n1:Status>
			</n1:AnalysisTypeTableEntry>
			<n1:AnalysisTypeTableEntry>
				<n1:AnalysisType>P</n1:AnalysisType>
				<n1:AnalysisTypeDescription>Prosjekt</n1:AnalysisTypeDescription>
				<n1:AnalysisID>89</n1:AnalysisID>
				<n1:AnalysisIDDescription>Tamagotchi</n1:AnalysisIDDescription>
				<n1:StartDate>1997-01-01</n1:StartDate>
				<n1:EndDate>2001-12-31</n1:EndDate>
				<n1:Status>Closed</n1:Status>
			</n1:AnalysisTypeTableEntry>
		</n1:AnalysisTypeTable>
	</n1:MasterFiles>
	<n1:GeneralLedgerEntries>
		<n1:NumberOfEntries>53</n1:NumberOfEntries>
		<n1:TotalDebit>9487049.35</n1:TotalDebit>
		<n1:TotalCredit>9487049.35</n1:TotalCredit>
		<n1:Journal>
			<n1:JournalID>123ABC</n1:JournalID>
			<n1:Description>Kontospesifikasjon</n1:Description>
			<n1:Type>GL</n1:Type>
			<n1:Transaction>
				<n1:TransactionID>1001</n1:TransactionID>
				<n1:Period>01</n1:Period>
				<n1:PeriodYear>2017</n1:PeriodYear>
				<n1:TransactionDate>2017-01-04</n1:TransactionDate>
				<n1:TransactionType>Normal</n1:TransactionType>
				<n1:Description>Faktura 1155 - Stoff til kosebamser</n1:Description>
				<n1:SystemEntryDate>2017-01-05</n1:SystemEntryDate>
				<n1:GLPostingDate>2017-01-05</n1:GLPostingDate>
				<n1:Line>
					<n1:RecordID>1</n1:RecordID>
					<n1:AccountID>4000</n1:AccountID>
					<n1:Analysis>
						<n1:AnalysisType>A</n1:AnalysisType>
						<n1:AnalysisID>102</n1:AnalysisID>
					</n1:Analysis>
					<n1:Analysis>
						<n1:AnalysisType>P</n1:AnalysisType>
						<n1:AnalysisID>202</n1:AnalysisID>
						<n1:AnalysisAmount>
							<n1:Amount>10000</n1:Amount>
						</n1:AnalysisAmount>
					</n1:Analysis>
					<n1:ValueDate>2017-01-04</n1:ValueDate>
					<n1:SourceDocumentID>1234</n1:SourceDocumentID>
					<n1:Description>Faktura 1155 - Stoff til kosebamser</n1:Description>
					<n1:DebitAmount>
						<n1:Amount>10000</n1:Amount>
					</n1:DebitAmount>
					<n1:TaxInformation>
						<n1:TaxType>MVA</n1:TaxType>
						<n1:TaxCode>1</n1:TaxCode>
						<n1:TaxPercentage>25</n1:TaxPercentage>
						<n1:TaxBase>10000</n1:TaxBase>
						<n1:TaxAmount>
							<n1:Amount>2500</n1:Amount>
						</n1:TaxAmount>
					</n1:TaxInformation>
					<n1:ReferenceNumber>1155</n1:ReferenceNumber>
				</n1:Line>
				<n1:Line>
					<n1:RecordID>2</n1:RecordID>
					<n1:AccountID>2400</n1:AccountID>
					<n1:ValueDate>2017-01-04</n1:ValueDate>
					<n1:SourceDocumentID>1234</n1:SourceDocumentID>
					<n1:SupplierID>2002</n1:SupplierID>
					<n1:Description>Faktura 1155 - Stoff til kosebamser</n1:Description>
					<n1:CreditAmount>
						<n1:Amount>12500</n1:Amount>
					</n1:CreditAmount>
					<n1:ReferenceNumber>1155</n1:ReferenceNumber>
				</n1:Line>
				<n1:Line>
					<n1:RecordID>3</n1:RecordID>
					<n1:AccountID>2710</n1:AccountID>
					<n1:ValueDate>2017-01-04</n1:ValueDate>
					<n1:SourceDocumentID>1234</n1:SourceDocumentID>
					<n1:Description>Beregnet MVA</n1:Description>
					<n1:DebitAmount>
						<n1:Amount>2500</n1:Amount>
					</n1:DebitAmount>
				</n1:Line>
			</n1:Transaction>
			<n1:Transaction>
				<n1:TransactionID>1002</n1:TransactionID>
				<n1:Period>01</n1:Period>
				<n1:PeriodYear>2017</n1:PeriodYear>
				<n1:TransactionDate>2017-01-05</n1:TransactionDate>
				<n1:TransactionType>Normal</n1:TransactionType>
				<n1:Description>Faktura 66522 - Spinnnervekter</n1:Description>
				<n1:SystemEntryDate>2017-01-05</n1:SystemEntryDate>
				<n1:GLPostingDate>2017-01-05</n1:GLPostingDate>
				<n1:Line>
					<n1:RecordID>1</n1:RecordID>
					<n1:AccountID>4000</n1:AccountID>
					<n1:Analysis>
						<n1:AnalysisType>A</n1:AnalysisType>
						<n1:AnalysisID>102</n1:AnalysisID>
						<n1:AnalysisAmount>
							<n1:Amount>5000</n1:Amount>
						</n1:AnalysisAmount>
					</n1:Analysis>
					<n1:Analysis>
						<n1:AnalysisType>P</n1:AnalysisType>
						<n1:AnalysisID>202</n1:AnalysisID>
						<n1:AnalysisAmount>
							<n1:Amount>5000</n1:Amount>
						</n1:AnalysisAmount>
					</n1:Analysis>
					<n1:ValueDate>2017-01-05</n1:ValueDate>
					<n1:SourceDocumentID>1234</n1:SourceDocumentID>
					<n1:Description>Faktura 66522 - Spinnnervekter</n1:Description>
					<n1:DebitAmount>
						<n1:Amount>5000</n1:Amount>
					</n1:DebitAmount>
					<n1:TaxInformation>
						<n1:TaxType>MVA</n1:TaxType>
						<n1:TaxCode>1</n1:TaxCode>
						<n1:TaxPercentage>25</n1:TaxPercentage>
						<n1:TaxBase>5000</n1:TaxBase>
						<n1:TaxAmount>
							<n1:Amount>1250</n1:Amount>
						</n1:TaxAmount>
					</n1:TaxInformation>
				</n1:Line>
				<n1:Line>
					<n1:RecordID>2</n1:RecordID>
					<n1:AccountID>2400</n1:AccountID>
					<n1:ValueDate>2017-01-05</n1:ValueDate>
					<n1:SourceDocumentID>1234</n1:SourceDocumentID>
					<n1:SupplierID>2004</n1:SupplierID>
					<n1:Description>Faktura 66522 - Spinnnervekter</n1:Description>
					<n1:CreditAmount>
						<n1:Amount>6250</n1:Amount>
					</n1:CreditAmount>
				</n1:Line>
				<n1:Line>
					<n1:RecordID>3</n1:RecordID>
					<n1:AccountID>2710</n1:AccountID>
					<n1:ValueDate>2017-01-05</n1:ValueDate>
					<n1:SourceDocumentID>1234</n1:SourceDocumentID>
					<n1:Description>Beregnet MVA</n1:Description>
					<n1:DebitAmount>
						<n1:Amount>1250</n1:Amount>
					</n1:DebitAmount>
				</n1:Line>
			</n1:Transaction>
			<n1:Transaction>
				<n1:TransactionID>1003</n1:TransactionID>
				<n1:Period>01</n1:Period>
				<n1:PeriodYear>2017</n1:PeriodYear>
				<n1:TransactionDate>2017-01-05</n1:TransactionDate>
				<n1:TransactionType>Normal</n1:TransactionType>
				<n1:Description>Strøm siste to mnd 2016</n1:Description>
				<n1:SystemEntryDate>2017-01-05</n1:SystemEntryDate>
				<n1:GLPostingDate>2017-01-05</n1:GLPostingDate>
				<n1:Line>
					<n1:RecordID>1</n1:RecordID>
					<n1:AccountID>6200</n1:AccountID>
					<n1:Analysis>
						<n1:AnalysisType>A</n1:AnalysisType>
						<n1:AnalysisID>100</n1:AnalysisID>
						<n1:AnalysisAmount>
							<n1:Amount>5000</n1:Amount>
						</n1:AnalysisAmount>
					</n1:Analysis>
					<n1:Analysis>
						<n1:AnalysisType>A</n1:AnalysisType>
						<n1:AnalysisID>102</n1:AnalysisID>
						<n1:AnalysisAmount>
							<n1:Amount>15000</n1:Amount>
						</n1:AnalysisAmount>
					</n1:Analysis>
					<n1:ValueDate>2017-01-05</n1:ValueDate>
					<n1:SourceDocumentID>1234</n1:SourceDocumentID>
					<n1:Description>Strøm siste to mnd 2016</n1:Description>
					<n1:DebitAmount>
						<n1:Amount>20000</n1:Amount>
					</n1:DebitAmount>
					<n1:TaxInformation>
						<n1:TaxType>MVA</n1:TaxType>
						<n1:TaxCode>1</n1:TaxCode>
						<n1:TaxPercentage>25</n1:TaxPercentage>
						<n1:TaxBase>20000</n1:TaxBase>
						<n1:TaxAmount>
							<n1:Amount>5000</n1:Amount>
						</n1:TaxAmount>
					</n1:TaxInformation>
				</n1:Line>
				<n1:Line>
					<n1:RecordID>2</n1:RecordID>
					<n1:AccountID>2400</n1:AccountID>
					<n1:ValueDate>2017-01-05</n1:ValueDate>
					<n1:SourceDocumentID>1234</n1:SourceDocumentID>
					<n1:SupplierID>2003</n1:SupplierID>
					<n1:Description>Strøm siste to mnd 2016</n1:Description>
					<n1:CreditAmount>
						<n1:Amount>25000</n1:Amount>
					</n1:CreditAmount>
				</n1:Line>
				<n1:Line>
					<n1:RecordID>3</n1:RecordID>
					<n1:AccountID>2710</n1:AccountID>
					<n1:ValueDate>2017-01-05</n1:ValueDate>
					<n1:SourceDocumentID>1234</n1:SourceDocumentID>
					<n1:Description>Beregnet MVA</n1:Description>
					<n1:DebitAmount>
						<n1:Amount>5000</n1:Amount>
					</n1:DebitAmount>
				</n1:Line>
			</n1:Transaction>
			<n1:Transaction>
				<n1:TransactionID>1004</n1:TransactionID>
				<n1:Period>01</n1:Period>
				<n1:PeriodYear>2017</n1:PeriodYear>
				<n1:TransactionDate>2017-01-08</n1:TransactionDate>
				<n1:TransactionType>Normal</n1:TransactionType>
				<n1:Description>Leie lokaler jan-feb 2017</n1:Description>
				<n1:SystemEntryDate>2017-01-08</n1:SystemEntryDate>
				<n1:GLPostingDate>2017-01-08</n1:GLPostingDate>
				<n1:Line>
					<n1:RecordID>1</n1:RecordID>
					<n1:AccountID>6300</n1:AccountID>
					<n1:Analysis>
						<n1:AnalysisType>A</n1:AnalysisType>
						<n1:AnalysisID>100</n1:AnalysisID>
						<n1:AnalysisAmount>
							<n1:Amount>15000</n1:Amount>
						</n1:AnalysisAmount>
					</n1:Analysis>
					<n1:Analysis>
						<n1:AnalysisType>A</n1:AnalysisType>
						<n1:AnalysisID>101</n1:AnalysisID>
						<n1:AnalysisAmount>
							<n1:Amount>15000</n1:Amount>
						</n1:AnalysisAmount>
					</n1:Analysis>
					<n1:Analysis>
						<n1:AnalysisType>A</n1:AnalysisType>
						<n1:AnalysisID>102</n1:AnalysisID>
						<n1:AnalysisAmount>
							<n1:Amount>45000</n1:Amount>
						</n1:AnalysisAmount>
					</n1:Analysis>
					<n1:ValueDate>2017-01-08</n1:ValueDate>
					<n1:SourceDocumentID>880</n1:SourceDocumentID>
					<n1:Description>Leie lokaler jan-feb 2017</n1:Description>
					<n1:DebitAmount>
						<n1:Amount>75000</n1:Amount>
					</n1:DebitAmount>
				</n1:Line>
				<n1:Line>
					<n1:RecordID>2</n1:RecordID>
					<n1:AccountID>2400</n1:AccountID>
					<n1:ValueDate>2017-01-08</n1:ValueDate>
					<n1:SourceDocumentID>880</n1:SourceDocumentID>
					<n1:SupplierID>2000</n1:SupplierID>
					<n1:Description>Leie lokaler jan-feb 2017</n1:Description>
					<n1:CreditAmount>
						<n1:Amount>75000</n1:Amount>
					</n1:CreditAmount>
				</n1:Line>
			</n1:Transaction>
			<n1:Transaction>
				<n1:TransactionID>1005</n1:TransactionID>
				<n1:Period>01</n1:Period>
				<n1:PeriodYear>2017</n1:PeriodYear>
				<n1:TransactionDate>2017-01-12</n1:TransactionDate>
				<n1:TransactionType>Normal</n1:TransactionType>
				<n1:Description>Salg av div leker</n1:Description>
				<n1:SystemEntryDate>2017-01-12</n1:SystemEntryDate>
				<n1:GLPostingDate>2017-01-12</n1:GLPostingDate>
				<n1:Line>
					<n1:RecordID>1</n1:RecordID>
					<n1:AccountID>3000</n1:AccountID>
					<n1:Analysis>
						<n1:AnalysisType>P</n1:AnalysisType>
						<n1:AnalysisID>200</n1:AnalysisID>
						<n1:AnalysisAmount>
							<n1:Amount>22000</n1:Amount>
						</n1:AnalysisAmount>
					</n1:Analysis>
					<n1:Analysis>
						<n1:AnalysisType>P</n1:AnalysisType>
						<n1:AnalysisID>203</n1:AnalysisID>
						<n1:AnalysisAmount>
							<n1:Amount>251000</n1:Amount>
						</n1:AnalysisAmount>
					</n1:Analysis>
					<n1:Analysis>
						<n1:AnalysisType>P</n1:AnalysisType>
						<n1:AnalysisID>90</n1:AnalysisID>
						<n1:AnalysisAmount>
							<n1:Amount>79000</n1:Amount>
						</n1:AnalysisAmount>
					</n1:Analysis>
					<n1:ValueDate>2017-01-12</n1:ValueDate>
					<n1:SourceDocumentID>1234</n1:SourceDocumentID>
					<n1:Description>Salg av div leker</n1:Description>
					<n1:CreditAmount>
						<n1:Amount>352000</n1:Amount>
					</n1:CreditAmount>
					<n1:TaxInformation>
						<n1:TaxType>MVA</n1:TaxType>
						<n1:TaxCode>2</n1:TaxCode>
						<n1:TaxPercentage>25</n1:TaxPercentage>
						<n1:TaxBase>352000</n1:TaxBase>
						<n1:TaxAmount>
							<n1:Amount>88000</n1:Amount>
						</n1:TaxAmount>
					</n1:TaxInformation>
				</n1:Line>
				<n1:Line>
					<n1:RecordID>2</n1:RecordID>
					<n1:AccountID>1500</n1:AccountID>
					<n1:ValueDate>2017-01-12</n1:ValueDate>
					<n1:SourceDocumentID>1234</n1:SourceDocumentID>
					<n1:CustomerID>1001</n1:CustomerID>
					<n1:Description>Salg av div leker</n1:Description>
					<n1:DebitAmount>
						<n1:Amount>440000</n1:Amount>
					</n1:DebitAmount>
				</n1:Line>
				<n1:Line>
					<n1:RecordID>3</n1:RecordID>
					<n1:AccountID>2700</n1:AccountID>
					<n1:ValueDate>2017-01-12</n1:ValueDate>
					<n1:SourceDocumentID>1234</n1:SourceDocumentID>
					<n1:Description>Beregnet MVA</n1:Description>
					<n1:CreditAmount>
						<n1:Amount>88000</n1:Amount>
					</n1:CreditAmount>
				</n1:Line>
			</n1:Transaction>
			<n1:Transaction>
				<n1:TransactionID>1006</n1:TransactionID>
				<n1:Period>01</n1:Period>
				<n1:PeriodYear>2017</n1:PeriodYear>
				<n1:TransactionDate>2017-01-09</n1:TransactionDate>
				<n1:TransactionType>Normal</n1:TransactionType>
				<n1:Description>Salg av bamser og spinnere</n1:Description>
				<n1:SystemEntryDate>2017-01-02</n1:SystemEntryDate>
				<n1:GLPostingDate>2017-01-12</n1:GLPostingDate>
				<n1:Line>
					<n1:RecordID>1</n1:RecordID>
					<n1:AccountID>3000</n1:AccountID>
					<n1:Analysis>
						<n1:AnalysisType>P</n1:AnalysisType>
						<n1:AnalysisID>200</n1:AnalysisID>
						<n1:AnalysisAmount>
							<n1:Amount>20000</n1:Amount>
						</n1:AnalysisAmount>
					</n1:Analysis>
					<n1:Analysis>
						<n1:AnalysisType>P</n1:AnalysisType>
						<n1:AnalysisID>202</n1:AnalysisID>
						<n1:AnalysisAmount>
							<n1:Amount>20000</n1:Amount>
						</n1:AnalysisAmount>
					</n1:Analysis>
					<n1:ValueDate>2017-01-09</n1:ValueDate>
					<n1:SourceDocumentID>1234</n1:SourceDocumentID>
					<n1:Description>Salg av bamser og spinnere</n1:Description>
					<n1:CreditAmount>
						<n1:Amount>40000</n1:Amount>
					</n1:CreditAmount>
					<n1:TaxInformation>
						<n1:TaxType>MVA</n1:TaxType>
						<n1:TaxCode>2</n1:TaxCode>
						<n1:TaxPercentage>25</n1:TaxPercentage>
						<n1:TaxBase>40000</n1:TaxBase>
						<n1:TaxAmount>
							<n1:Amount>10000</n1:Amount>
						</n1:TaxAmount>
					</n1:TaxInformation>
				</n1:Line>
				<n1:Line>
					<n1:RecordID>2</n1:RecordID>
					<n1:AccountID>1500</n1:AccountID>
					<n1:ValueDate>2017-01-09</n1:ValueDate>
					<n1:SourceDocumentID>1234</n1:SourceDocumentID>
					<n1:CustomerID>1000</n1:CustomerID>
					<n1:Description>Salg av bamser og spinnere</n1:Description>
					<n1:DebitAmount>
						<n1:Amount>50000</n1:Amount>
					</n1:DebitAmount>
				</n1:Line>
				<n1:Line>
					<n1:RecordID>3</n1:RecordID>
					<n1:AccountID>2700</n1:AccountID>
					<n1:ValueDate>2017-01-09</n1:ValueDate>
					<n1:SourceDocumentID>1234</n1:SourceDocumentID>
					<n1:Description>Beregnet MVA</n1:Description>
					<n1:CreditAmount>
						<n1:Amount>10000</n1:Amount>
					</n1:CreditAmount>
				</n1:Line>
			</n1:Transaction>
			<n1:Transaction>
				<n1:TransactionID>1007</n1:TransactionID>
				<n1:Period>01</n1:Period>
				<n1:PeriodYear>2017</n1:PeriodYear>
				<n1:TransactionDate>2017-01-12</n1:TransactionDate>
				<n1:TransactionType>Normal</n1:TransactionType>
				<n1:Description>Ansattlønn januar</n1:Description>
				<n1:SystemEntryDate>2017-01-12</n1:SystemEntryDate>
				<n1:GLPostingDate>2017-01-12</n1:GLPostingDate>
				<n1:Line>
					<n1:RecordID>1</n1:RecordID>
					<n1:AccountID>5000</n1:AccountID>
					<n1:Analysis>
						<n1:AnalysisType>A</n1:AnalysisType>
						<n1:AnalysisID>100</n1:AnalysisID>
						<n1:AnalysisAmount>
							<n1:Amount>97800</n1:Amount>
						</n1:AnalysisAmount>
					</n1:Analysis>
					<n1:Analysis>
						<n1:AnalysisType>A</n1:AnalysisType>
						<n1:AnalysisID>101</n1:AnalysisID>
						<n1:AnalysisAmount>
							<n1:Amount>77200</n1:Amount>
						</n1:AnalysisAmount>
					</n1:Analysis>
					<n1:Analysis>
						<n1:AnalysisType>A</n1:AnalysisType>
						<n1:AnalysisID>102</n1:AnalysisID>
						<n1:AnalysisAmount>
							<n1:Amount>199000</n1:Amount>
						</n1:AnalysisAmount>
					</n1:Analysis>
					<n1:ValueDate>2017-01-12</n1:ValueDate>
					<n1:SourceDocumentID>1234</n1:SourceDocumentID>
					<n1:Description>Ansattlønn januar</n1:Description>
					<n1:DebitAmount>
						<n1:Amount>374000</n1:Amount>
					</n1:DebitAmount>
				</n1:Line>
				<n1:Line>
					<n1:RecordID>2</n1:RecordID>
					<n1:AccountID>1920</n1:AccountID>
					<n1:ValueDate>2017-01-12</n1:ValueDate>
					<n1:SourceDocumentID>1234</n1:SourceDocumentID>
					<n1:Description>Ansattlønn januar</n1:Description>
					<n1:CreditAmount>
						<n1:Amount>374000</n1:Amount>
					</n1:CreditAmount>
				</n1:Line>
			</n1:Transaction>
			<n1:Transaction>
				<n1:TransactionID>1008</n1:TransactionID>
				<n1:Period>01</n1:Period>
				<n1:PeriodYear>2017</n1:PeriodYear>
				<n1:TransactionDate>2017-01-14</n1:TransactionDate>
				<n1:TransactionType>Normal</n1:TransactionType>
				<n1:Description>Reklameannonser</n1:Description>
				<n1:SystemEntryDate>2017-01-16</n1:SystemEntryDate>
				<n1:GLPostingDate>2017-01-16</n1:GLPostingDate>
				<n1:Line>
					<n1:RecordID>1</n1:RecordID>
					<n1:AccountID>7320</n1:AccountID>
					<n1:Analysis>
						<n1:AnalysisType>P</n1:AnalysisType>
						<n1:AnalysisID>200</n1:AnalysisID>
						<n1:AnalysisAmount>
							<n1:Amount>25000</n1:Amount>
						</n1:AnalysisAmount>
					</n1:Analysis>
					<n1:Analysis>
						<n1:AnalysisType>P</n1:AnalysisType>
						<n1:AnalysisID>202</n1:AnalysisID>
						<n1:AnalysisAmount>
							<n1:Amount>25000</n1:Amount>
						</n1:AnalysisAmount>
					</n1:Analysis>
					<n1:ValueDate>2017-01-14</n1:ValueDate>
					<n1:SourceDocumentID>1234</n1:SourceDocumentID>
					<n1:Description>Reklameannonser</n1:Description>
					<n1:DebitAmount>
						<n1:Amount>50000</n1:Amount>
					</n1:DebitAmount>
					<n1:TaxInformation>
						<n1:TaxType>MVA</n1:TaxType>
						<n1:TaxCode>1</n1:TaxCode>
						<n1:TaxPercentage>25</n1:TaxPercentage>
						<n1:TaxBase>50000</n1:TaxBase>
						<n1:TaxAmount>
							<n1:Amount>12500</n1:Amount>
						</n1:TaxAmount>
					</n1:TaxInformation>
				</n1:Line>
				<n1:Line>
					<n1:RecordID>2</n1:RecordID>
					<n1:AccountID>2400</n1:AccountID>
					<n1:ValueDate>2017-01-14</n1:ValueDate>
					<n1:SourceDocumentID>1234</n1:SourceDocumentID>
					<n1:SupplierID>2005</n1:SupplierID>
					<n1:Description>Reklameannonser</n1:Description>
					<n1:CreditAmount>
						<n1:Amount>62500</n1:Amount>
					</n1:CreditAmount>
				</n1:Line>
				<n1:Line>
					<n1:RecordID>3</n1:RecordID>
					<n1:AccountID>2710</n1:AccountID>
					<n1:ValueDate>2017-01-14</n1:ValueDate>
					<n1:SourceDocumentID>1234</n1:SourceDocumentID>
					<n1:Description>Beregnet MVA</n1:Description>
					<n1:DebitAmount>
						<n1:Amount>12500</n1:Amount>
					</n1:DebitAmount>
				</n1:Line>
			</n1:Transaction>
			<n1:Transaction>
				<n1:TransactionID>1009</n1:TransactionID>
				<n1:Period>02</n1:Period>
				<n1:PeriodYear>2017</n1:PeriodYear>
				<n1:TransactionDate>2017-02-10</n1:TransactionDate>
				<n1:TransactionType>Normal</n1:TransactionType>
				<n1:Description>6. Termin MVA</n1:Description>
				<n1:SystemEntryDate>2017-02-10</n1:SystemEntryDate>
				<n1:GLPostingDate>2017-02-10</n1:GLPostingDate>
				<n1:Line>
					<n1:RecordID>1</n1:RecordID>
					<n1:AccountID>2700</n1:AccountID>
					<n1:ValueDate>2017-02-10</n1:ValueDate>
					<n1:SourceDocumentID>130</n1:SourceDocumentID>
					<n1:Description>6. Termin MVA</n1:Description>
					<n1:DebitAmount>
						<n1:Amount>250000</n1:Amount>
					</n1:DebitAmount>
				</n1:Line>
				<n1:Line>
					<n1:RecordID>2</n1:RecordID>
					<n1:AccountID>2740</n1:AccountID>
					<n1:ValueDate>2017-02-10</n1:ValueDate>
					<n1:SourceDocumentID>130</n1:SourceDocumentID>
					<n1:Description>6. Termin MVA</n1:Description>
					<n1:CreditAmount>
						<n1:Amount>250000</n1:Amount>
					</n1:CreditAmount>
				</n1:Line>
				<n1:Line>
					<n1:RecordID>3</n1:RecordID>
					<n1:AccountID>2710</n1:AccountID>
					<n1:ValueDate>2017-02-10</n1:ValueDate>
					<n1:SourceDocumentID>130</n1:SourceDocumentID>
					<n1:Description>6. Termin MVA</n1:Description>
					<n1:CreditAmount>
						<n1:Amount>125000</n1:Amount>
					</n1:CreditAmount>
				</n1:Line>
				<n1:Line>
					<n1:RecordID>4</n1:RecordID>
					<n1:AccountID>2740</n1:AccountID>
					<n1:ValueDate>2017-02-10</n1:ValueDate>
					<n1:SourceDocumentID>130</n1:SourceDocumentID>
					<n1:Description>6. Termin MVA</n1:Description>
					<n1:DebitAmount>
						<n1:Amount>125000</n1:Amount>
					</n1:DebitAmount>
				</n1:Line>
				<n1:Line>
					<n1:RecordID>5</n1:RecordID>
					<n1:AccountID>1920</n1:AccountID>
					<n1:ValueDate>2017-02-10</n1:ValueDate>
					<n1:SourceDocumentID>130</n1:SourceDocumentID>
					<n1:Description>Betaling 6. Termin MVA</n1:Description>
					<n1:CreditAmount>
						<n1:Amount>125000</n1:Amount>
					</n1:CreditAmount>
				</n1:Line>
				<n1:Line>
					<n1:RecordID>6</n1:RecordID>
					<n1:AccountID>2740</n1:AccountID>
					<n1:ValueDate>2017-02-10</n1:ValueDate>
					<n1:SourceDocumentID>130</n1:SourceDocumentID>
					<n1:Description>Betaling 6. Termin MVA</n1:Description>
					<n1:DebitAmount>
						<n1:Amount>125000</n1:Amount>
					</n1:DebitAmount>
				</n1:Line>
			</n1:Transaction>
			<n1:Transaction>
				<n1:TransactionID>1010</n1:TransactionID>
				<n1:Period>01</n1:Period>
				<n1:PeriodYear>2017</n1:PeriodYear>
				<n1:TransactionDate>2017-01-22</n1:TransactionDate>
				<n1:TransactionType>Normal</n1:TransactionType>
				<n1:Description>Råvarer til leketøysproduksjon. Faktnr 20170035</n1:Description>
				<n1:SystemEntryDate>2017-01-22</n1:SystemEntryDate>
				<n1:GLPostingDate>2017-01-22</n1:GLPostingDate>
				<n1:Line>
					<n1:RecordID>1</n1:RecordID>
					<n1:AccountID>4000</n1:AccountID>
					<n1:Analysis>
						<n1:AnalysisType>P</n1:AnalysisType>
						<n1:AnalysisID>200</n1:AnalysisID>
						<n1:AnalysisAmount>
							<n1:Amount>10740</n1:Amount>
						</n1:AnalysisAmount>
					</n1:Analysis>
					<n1:Analysis>
						<n1:AnalysisType>P</n1:AnalysisType>
						<n1:AnalysisID>202</n1:AnalysisID>
						<n1:AnalysisAmount>
							<n1:Amount>14562</n1:Amount>
						</n1:AnalysisAmount>
					</n1:Analysis>
					<n1:ValueDate>2017-01-22</n1:ValueDate>
					<n1:SourceDocumentID>1234</n1:SourceDocumentID>
					<n1:Description>Råvarer til leketøysproduksjon. Faktnr 20170035</n1:Description>
					<n1:DebitAmount>
						<n1:Amount>25302</n1:Amount>
					</n1:DebitAmount>
					<n1:TaxInformation>
						<n1:TaxType>MVA</n1:TaxType>
						<n1:TaxCode>1</n1:TaxCode>
						<n1:TaxPercentage>25</n1:TaxPercentage>
						<n1:TaxBase>25302</n1:TaxBase>
						<n1:TaxAmount>
							<n1:Amount>6325.50</n1:Amount>
						</n1:TaxAmount>
					</n1:TaxInformation>
				</n1:Line>
				<n1:Line>
					<n1:RecordID>2</n1:RecordID>
					<n1:AccountID>2400</n1:AccountID>
					<n1:ValueDate>2017-01-22</n1:ValueDate>
					<n1:SourceDocumentID>1234</n1:SourceDocumentID>
					<n1:SupplierID>2004</n1:SupplierID>
					<n1:Description>Råvarer til leketøysproduksjon. Faktnr 20170035</n1:Description>
					<n1:CreditAmount>
						<n1:Amount>31627.50</n1:Amount>
					</n1:CreditAmount>
				</n1:Line>
				<n1:Line>
					<n1:RecordID>3</n1:RecordID>
					<n1:AccountID>2710</n1:AccountID>
					<n1:ValueDate>2017-01-22</n1:ValueDate>
					<n1:SourceDocumentID>1234</n1:SourceDocumentID>
					<n1:Description>Beregnet MVA</n1:Description>
					<n1:DebitAmount>
						<n1:Amount>6325.50</n1:Amount>
					</n1:DebitAmount>
				</n1:Line>
			</n1:Transaction>
			<n1:Transaction>
				<n1:TransactionID>1011</n1:TransactionID>
				<n1:Period>01</n1:Period>
				<n1:PeriodYear>2017</n1:PeriodYear>
				<n1:TransactionDate>2017-01-23</n1:TransactionDate>
				<n1:TransactionType>Normal</n1:TransactionType>
				<n1:Description>Innbetaling</n1:Description>
				<n1:SystemEntryDate>2017-01-31</n1:SystemEntryDate>
				<n1:GLPostingDate>2017-01-31</n1:GLPostingDate>
				<n1:Line>
					<n1:RecordID>1</n1:RecordID>
					<n1:AccountID>1920</n1:AccountID>
					<n1:ValueDate>2017-01-23</n1:ValueDate>
					<n1:SourceDocumentID>234</n1:SourceDocumentID>
					<n1:Description>betaling kundefaktura</n1:Description>
					<n1:DebitAmount>
						<n1:Amount>540100</n1:Amount>
					</n1:DebitAmount>
				</n1:Line>
				<n1:Line>
					<n1:RecordID>2</n1:RecordID>
					<n1:AccountID>1500</n1:AccountID>
					<n1:ValueDate>2017-01-23</n1:ValueDate>
					<n1:SourceDocumentID>234</n1:SourceDocumentID>
					<n1:CustomerID>1001</n1:CustomerID>
					<n1:Description>betaling kundefaktura</n1:Description>
					<n1:CreditAmount>
						<n1:Amount>400000</n1:Amount>
					</n1:CreditAmount>
				</n1:Line>
				<n1:Line>
					<n1:RecordID>3</n1:RecordID>
					<n1:AccountID>1500</n1:AccountID>
					<n1:ValueDate>2017-01-23</n1:ValueDate>
					<n1:SourceDocumentID>234</n1:SourceDocumentID>
					<n1:CustomerID>1003</n1:CustomerID>
					<n1:Description>betaling kundefaktura og utestående nov.</n1:Description>
					<n1:CreditAmount>
						<n1:Amount>140100</n1:Amount>
					</n1:CreditAmount>
				</n1:Line>
			</n1:Transaction>
			<n1:Transaction>
				<n1:TransactionID>1012</n1:TransactionID>
				<n1:Period>01</n1:Period>
				<n1:PeriodYear>2017</n1:PeriodYear>
				<n1:TransactionDate>2017-01-27</n1:TransactionDate>
				<n1:TransactionType>Normal</n1:TransactionType>
				<n1:Description>Remittering bank</n1:Description>
				<n1:SystemEntryDate>2017-01-27</n1:SystemEntryDate>
				<n1:GLPostingDate>2017-01-27</n1:GLPostingDate>
				<n1:Line>
					<n1:RecordID>1</n1:RecordID>
					<n1:AccountID>1920</n1:AccountID>
					<n1:ValueDate>2017-01-27</n1:ValueDate>
					<n1:SourceDocumentID>1230</n1:SourceDocumentID>
					<n1:Description>Remittering bank</n1:Description>
					<n1:CreditAmount>
						<n1:Amount>175477.50</n1:Amount>
					</n1:CreditAmount>
				</n1:Line>
				<n1:Line>
					<n1:RecordID>2</n1:RecordID>
					<n1:AccountID>2400</n1:AccountID>
					<n1:ValueDate>2017-01-27</n1:ValueDate>
					<n1:SourceDocumentID>1230</n1:SourceDocumentID>
					<n1:SupplierID>2005</n1:SupplierID>
					<n1:Description>Remittering bank</n1:Description>
					<n1:DebitAmount>
						<n1:Amount>62600</n1:Amount>
					</n1:DebitAmount>
				</n1:Line>
				<n1:Line>
					<n1:RecordID>3</n1:RecordID>
					<n1:AccountID>2400</n1:AccountID>
					<n1:ValueDate>2017-01-27</n1:ValueDate>
					<n1:SourceDocumentID>1231</n1:SourceDocumentID>
					<n1:SupplierID>2004</n1:SupplierID>
					<n1:Description>Remittering bank</n1:Description>
					<n1:DebitAmount>
						<n1:Amount>37877.50</n1:Amount>
					</n1:DebitAmount>
				</n1:Line>
				<n1:Line>
					<n1:RecordID>4</n1:RecordID>
					<n1:AccountID>2400</n1:AccountID>
					<n1:ValueDate>2017-01-27</n1:ValueDate>
					<n1:SourceDocumentID>1232</n1:SourceDocumentID>
					<n1:SupplierID>2000</n1:SupplierID>
					<n1:Description>Remittering bank</n1:Description>
					<n1:DebitAmount>
						<n1:Amount>75000</n1:Amount>
					</n1:DebitAmount>
				</n1:Line>
			</n1:Transaction>
			<n1:Transaction>
				<n1:TransactionID>1013</n1:TransactionID>
				<n1:Period>01</n1:Period>
				<n1:PeriodYear>2017</n1:PeriodYear>
				<n1:TransactionDate>2017-01-27</n1:TransactionDate>
				<n1:TransactionType>Normal</n1:TransactionType>
				<n1:Description>Salg av leker</n1:Description>
				<n1:SystemEntryDate>2017-01-27</n1:SystemEntryDate>
				<n1:GLPostingDate>2017-01-30</n1:GLPostingDate>
				<n1:Line>
					<n1:RecordID>1</n1:RecordID>
					<n1:AccountID>3000</n1:AccountID>
					<n1:Analysis>
						<n1:AnalysisType>P</n1:AnalysisType>
						<n1:AnalysisID>202</n1:AnalysisID>
						<n1:AnalysisAmount>
							<n1:Amount>15000</n1:Amount>
						</n1:AnalysisAmount>
					</n1:Analysis>
					<n1:Analysis>
						<n1:AnalysisType>P</n1:AnalysisType>
						<n1:AnalysisID>203</n1:AnalysisID>
						<n1:AnalysisAmount>
							<n1:Amount>53919</n1:Amount>
						</n1:AnalysisAmount>
					</n1:Analysis>
					<n1:Analysis>
						<n1:AnalysisType>P</n1:AnalysisType>
						<n1:AnalysisID>90</n1:AnalysisID>
						<n1:AnalysisAmount>
							<n1:Amount>94000</n1:Amount>
						</n1:AnalysisAmount>
					</n1:Analysis>
					<n1:ValueDate>2017-01-27</n1:ValueDate>
					<n1:SourceDocumentID>14</n1:SourceDocumentID>
					<n1:Description>Salg av leker</n1:Description>
					<n1:CreditAmount>
						<n1:Amount>162919.00</n1:Amount>
					</n1:CreditAmount>
					<n1:TaxInformation>
						<n1:TaxType>MVA</n1:TaxType>
						<n1:TaxCode>2</n1:TaxCode>
						<n1:TaxPercentage>25</n1:TaxPercentage>
						<n1:TaxBase>162919</n1:TaxBase>
						<n1:TaxAmount>
							<n1:Amount>40729.00</n1:Amount>
						</n1:TaxAmount>
					</n1:TaxInformation>
				</n1:Line>
				<n1:Line>
					<n1:RecordID>2</n1:RecordID>
					<n1:AccountID>1500</n1:AccountID>
					<n1:ValueDate>2017-01-27</n1:ValueDate>
					<n1:SourceDocumentID>14</n1:SourceDocumentID>
					<n1:CustomerID>1001</n1:CustomerID>
					<n1:Description>Salg av leker</n1:Description>
					<n1:DebitAmount>
						<n1:Amount>203648.75</n1:Amount>
					</n1:DebitAmount>
				</n1:Line>
				<n1:Line>
					<n1:RecordID>3</n1:RecordID>
					<n1:AccountID>2700</n1:AccountID>
					<n1:ValueDate>2017-01-30</n1:ValueDate>
					<n1:SourceDocumentID>14</n1:SourceDocumentID>
					<n1:Description>Beregnet MVA</n1:Description>
					<n1:CreditAmount>
						<n1:Amount>40729.75</n1:Amount>
					</n1:CreditAmount>
				</n1:Line>
			</n1:Transaction>
			<n1:Transaction>
				<n1:TransactionID>1014</n1:TransactionID>
				<n1:Period>01</n1:Period>
				<n1:PeriodYear>2017</n1:PeriodYear>
				<n1:TransactionDate>2017-01-31</n1:TransactionDate>
				<n1:TransactionType>Normal</n1:TransactionType>
				<n1:Description>Leie maskiner januar</n1:Description>
				<n1:SystemEntryDate>2017-02-01</n1:SystemEntryDate>
				<n1:GLPostingDate>2017-02-01</n1:GLPostingDate>
				<n1:Line>
					<n1:RecordID>1</n1:RecordID>
					<n1:AccountID>6400</n1:AccountID>
					<n1:Analysis>
						<n1:AnalysisType>A</n1:AnalysisType>
						<n1:AnalysisID>102</n1:AnalysisID>
						<n1:AnalysisAmount>
							<n1:Amount>16500</n1:Amount>
						</n1:AnalysisAmount>
					</n1:Analysis>
					<n1:ValueDate>2017-01-31</n1:ValueDate>
					<n1:SourceDocumentID>124</n1:SourceDocumentID>
					<n1:Description>Leie maskiner januar</n1:Description>
					<n1:DebitAmount>
						<n1:Amount>16500</n1:Amount>
					</n1:DebitAmount>
					<n1:TaxInformation>
						<n1:TaxType>MVA</n1:TaxType>
						<n1:TaxCode>1</n1:TaxCode>
						<n1:TaxPercentage>25</n1:TaxPercentage>
						<n1:TaxBase>16500</n1:TaxBase>
						<n1:TaxAmount>
							<n1:Amount>4125</n1:Amount>
						</n1:TaxAmount>
					</n1:TaxInformation>
				</n1:Line>
				<n1:Line>
					<n1:RecordID>2</n1:RecordID>
					<n1:AccountID>2710</n1:AccountID>
					<n1:ValueDate>2017-01-31</n1:ValueDate>
					<n1:SourceDocumentID>124</n1:SourceDocumentID>
					<n1:Description>Beregnet MVA</n1:Description>
					<n1:DebitAmount>
						<n1:Amount>4125.00</n1:Amount>
					</n1:DebitAmount>
				</n1:Line>
				<n1:Line>
					<n1:RecordID>3</n1:RecordID>
					<n1:AccountID>2400</n1:AccountID>
					<n1:ValueDate>2017-01-31</n1:ValueDate>
					<n1:SourceDocumentID>124</n1:SourceDocumentID>
					<n1:SupplierID>2001</n1:SupplierID>
					<n1:Description>Leie maskiner januar</n1:Description>
					<n1:CreditAmount>
						<n1:Amount>20625.00</n1:Amount>
					</n1:CreditAmount>
				</n1:Line>
			</n1:Transaction>
			<n1:Transaction>
				<n1:TransactionID>1015</n1:TransactionID>
				<n1:Period>02</n1:Period>
				<n1:PeriodYear>2017</n1:PeriodYear>
				<n1:TransactionDate>2017-02-03</n1:TransactionDate>
				<n1:TransactionType>Normal</n1:TransactionType>
				<n1:Description>Faktura 1235 - Neser og øyer til bamser</n1:Description>
				<n1:SystemEntryDate>2017-02-03</n1:SystemEntryDate>
				<n1:GLPostingDate>2017-02-03</n1:GLPostingDate>
				<n1:Line>
					<n1:RecordID>1</n1:RecordID>
					<n1:AccountID>4000</n1:AccountID>
					<n1:Analysis>
						<n1:AnalysisType>A</n1:AnalysisType>
						<n1:AnalysisID>102</n1:AnalysisID>						
						<n1:AnalysisAmount>
							<n1:Amount>12000</n1:Amount>
						</n1:AnalysisAmount>
					</n1:Analysis>
					<n1:Analysis>
						<n1:AnalysisType>P</n1:AnalysisType>
						<n1:AnalysisID>202</n1:AnalysisID>
						<n1:AnalysisAmount>
							<n1:Amount>12000</n1:Amount>
						</n1:AnalysisAmount>
					</n1:Analysis>
					<n1:ValueDate>2017-02-03</n1:ValueDate>
					<n1:SourceDocumentID>1234</n1:SourceDocumentID>
					<n1:Description>Faktura 1235 - Neser og øyer til bamser</n1:Description>
					<n1:DebitAmount>
						<n1:Amount>12000</n1:Amount>
					</n1:DebitAmount>
					<n1:TaxInformation>
						<n1:TaxType>MVA</n1:TaxType>
						<n1:TaxCode>1</n1:TaxCode>
						<n1:TaxPercentage>25</n1:TaxPercentage>
						<n1:TaxBase>12000</n1:TaxBase>
						<n1:TaxAmount>
							<n1:Amount>3000</n1:Amount>
						</n1:TaxAmount>
					</n1:TaxInformation>
					<n1:ReferenceNumber>1155</n1:ReferenceNumber>
				</n1:Line>
				<n1:Line>
					<n1:RecordID>2</n1:RecordID>
					<n1:AccountID>2400</n1:AccountID>
					<n1:ValueDate>2017-01-04</n1:ValueDate>
					<n1:SourceDocumentID>1234</n1:SourceDocumentID>
					<n1:SupplierID>2004</n1:SupplierID>
					<n1:Description>Faktura 1235 - Neser og øyer til bamser</n1:Description>
					<n1:CreditAmount>
						<n1:Amount>15000</n1:Amount>
					</n1:CreditAmount>
					<n1:ReferenceNumber>1155</n1:ReferenceNumber>
				</n1:Line>
				<n1:Line>
					<n1:RecordID>3</n1:RecordID>
					<n1:AccountID>2710</n1:AccountID>
					<n1:ValueDate>2017-01-04</n1:ValueDate>
					<n1:SourceDocumentID>1234</n1:SourceDocumentID>
					<n1:Description>Beregnet MVA</n1:Description>
					<n1:DebitAmount>
						<n1:Amount>3000</n1:Amount>
					</n1:DebitAmount>
				</n1:Line>
			</n1:Transaction>
			<n1:Transaction>
				<n1:TransactionID>1016</n1:TransactionID>
				<n1:Period>02</n1:Period>
				<n1:PeriodYear>2017</n1:PeriodYear>
				<n1:TransactionDate>2017-02-05</n1:TransactionDate>
				<n1:TransactionType>Normal</n1:TransactionType>
				<n1:Description>Faktura 66522 - Spinnnervekter</n1:Description>
				<n1:SystemEntryDate>2017-02-05</n1:SystemEntryDate>
				<n1:GLPostingDate>2017-02-05</n1:GLPostingDate>
				<n1:Line>
					<n1:RecordID>1</n1:RecordID>
					<n1:AccountID>4000</n1:AccountID>
					<n1:Analysis>
						<n1:AnalysisType>A</n1:AnalysisType>
						<n1:AnalysisID>102</n1:AnalysisID>
						<n1:AnalysisAmount>
							<n1:Amount>16800</n1:Amount>
						</n1:AnalysisAmount>
					</n1:Analysis>
					<n1:Analysis>
						<n1:AnalysisType>P</n1:AnalysisType>
						<n1:AnalysisID>90</n1:AnalysisID>
						<n1:AnalysisAmount>
							<n1:Amount>16800</n1:Amount>
						</n1:AnalysisAmount>
					</n1:Analysis>
					<n1:ValueDate>2017-02-05</n1:ValueDate>
					<n1:SourceDocumentID>834</n1:SourceDocumentID>
					<n1:Description>Faktura 632 - Ferdiglakkerte treklosser</n1:Description>
					<n1:DebitAmount>
						<n1:Amount>16800</n1:Amount>
					</n1:DebitAmount>
					<n1:TaxInformation>
						<n1:TaxType>MVA</n1:TaxType>
						<n1:TaxCode>1</n1:TaxCode>
						<n1:TaxPercentage>25</n1:TaxPercentage>
						<n1:TaxBase>16800</n1:TaxBase>
						<n1:TaxAmount>
							<n1:Amount>4200</n1:Amount>
						</n1:TaxAmount>
					</n1:TaxInformation>
				</n1:Line>
				<n1:Line>
					<n1:RecordID>2</n1:RecordID>
					<n1:AccountID>2400</n1:AccountID>
					<n1:ValueDate>2017-02-05</n1:ValueDate>
					<n1:SourceDocumentID>834</n1:SourceDocumentID>
					<n1:SupplierID>2004</n1:SupplierID>
					<n1:Description>Faktura 632 - Ferdiglakkerte treklosser</n1:Description>
					<n1:CreditAmount>
						<n1:Amount>21000</n1:Amount>
					</n1:CreditAmount>
				</n1:Line>
				<n1:Line>
					<n1:RecordID>3</n1:RecordID>
					<n1:AccountID>2710</n1:AccountID>
					<n1:ValueDate>2017-02-05</n1:ValueDate>
					<n1:SourceDocumentID>1234</n1:SourceDocumentID>
					<n1:Description>Beregnet MVA</n1:Description>
					<n1:DebitAmount>
						<n1:Amount>4200</n1:Amount>
					</n1:DebitAmount>
				</n1:Line>
			</n1:Transaction>
			<n1:Transaction>
				<n1:TransactionID>1017</n1:TransactionID>
				<n1:Period>02</n1:Period>
				<n1:PeriodYear>2017</n1:PeriodYear>
				<n1:TransactionDate>2017-02-06</n1:TransactionDate>
				<n1:TransactionType>Normal</n1:TransactionType>
				<n1:Description>Emballasje med logo</n1:Description>
				<n1:SystemEntryDate>2017-02-06</n1:SystemEntryDate>
				<n1:GLPostingDate>2017-02-06</n1:GLPostingDate>
				<n1:Line>
					<n1:RecordID>1</n1:RecordID>
					<n1:AccountID>4000</n1:AccountID>
					<n1:Analysis>
						<n1:AnalysisType>A</n1:AnalysisType>
						<n1:AnalysisID>102</n1:AnalysisID>
						<n1:AnalysisAmount>
							<n1:Amount>4100</n1:Amount>
						</n1:AnalysisAmount>
					</n1:Analysis>
					<n1:ValueDate>2017-02-06</n1:ValueDate>
					<n1:SourceDocumentID>5</n1:SourceDocumentID>
					<n1:Description>Emballasje med logo</n1:Description>
					<n1:DebitAmount>
						<n1:Amount>4100</n1:Amount>
					</n1:DebitAmount>
					<n1:TaxInformation>
						<n1:TaxType>MVA</n1:TaxType>
						<n1:TaxCode>1</n1:TaxCode>
						<n1:TaxPercentage>25</n1:TaxPercentage>
						<n1:TaxBase>4100</n1:TaxBase>
						<n1:TaxAmount>
							<n1:Amount>1025</n1:Amount>
						</n1:TaxAmount>
					</n1:TaxInformation>
				</n1:Line>
				<n1:Line>
					<n1:RecordID>2</n1:RecordID>
					<n1:AccountID>2400</n1:AccountID>
					<n1:ValueDate>2017-02-06</n1:ValueDate>
					<n1:SourceDocumentID>5</n1:SourceDocumentID>
					<n1:SupplierID>2005</n1:SupplierID>
					<n1:Description>Emballasje med logo</n1:Description>
					<n1:CreditAmount>
						<n1:Amount>5125</n1:Amount>
					</n1:CreditAmount>
				</n1:Line>
				<n1:Line>
					<n1:RecordID>3</n1:RecordID>
					<n1:AccountID>2710</n1:AccountID>
					<n1:ValueDate>2017-02-06</n1:ValueDate>
					<n1:SourceDocumentID>5</n1:SourceDocumentID>
					<n1:Description>Beregnet MVA</n1:Description>
					<n1:DebitAmount>
						<n1:Amount>1025</n1:Amount>
					</n1:DebitAmount>
				</n1:Line>
			</n1:Transaction>
			<n1:Transaction>
				<n1:TransactionID>1018</n1:TransactionID>
				<n1:Period>02</n1:Period>
				<n1:PeriodYear>2017</n1:PeriodYear>
				<n1:TransactionDate>2017-02-08</n1:TransactionDate>
				<n1:TransactionType>Normal</n1:TransactionType>
				<n1:Description>Arbeidstøy, nye kampanje t-skjorter</n1:Description>
				<n1:SystemEntryDate>2017-01-08</n1:SystemEntryDate>
				<n1:GLPostingDate>2017-01-08</n1:GLPostingDate>
				<n1:Line>
					<n1:RecordID>1</n1:RecordID>
					<n1:AccountID>7195</n1:AccountID>
					<n1:Analysis>
						<n1:AnalysisType>A</n1:AnalysisType>
						<n1:AnalysisID>101</n1:AnalysisID>
						<n1:AnalysisAmount>
							<n1:Amount>699.00</n1:Amount>
						</n1:AnalysisAmount>
					</n1:Analysis>
					<n1:ValueDate>2017-02-08</n1:ValueDate>
					<n1:SourceDocumentID>605</n1:SourceDocumentID>
					<n1:Description>Arbeidstøy, nye kampanje t-skjorter</n1:Description>
					<n1:DebitAmount>
						<n1:Amount>699.00</n1:Amount>
					</n1:DebitAmount>
					<n1:TaxInformation>
						<n1:TaxType>MVA</n1:TaxType>
						<n1:TaxCode>1</n1:TaxCode>
						<n1:TaxPercentage>25</n1:TaxPercentage>
						<n1:TaxBase>699</n1:TaxBase>
						<n1:TaxAmount>
							<n1:Amount>174.75</n1:Amount>
						</n1:TaxAmount>
					</n1:TaxInformation>
				</n1:Line>
				<n1:Line>
					<n1:RecordID>2</n1:RecordID>
					<n1:AccountID>2400</n1:AccountID>
					<n1:ValueDate>2017-02-08</n1:ValueDate>
					<n1:SourceDocumentID>605</n1:SourceDocumentID>
					<n1:SupplierID>2002</n1:SupplierID>
					<n1:Description>Arbeidstøy, nye kampanje t-skjorter</n1:Description>
					<n1:CreditAmount>
						<n1:Amount>873.75</n1:Amount>
					</n1:CreditAmount>
				</n1:Line>
				<n1:Line>
					<n1:RecordID>3</n1:RecordID>
					<n1:AccountID>2710</n1:AccountID>
					<n1:ValueDate>2017-02-08</n1:ValueDate>
					<n1:SourceDocumentID>605</n1:SourceDocumentID>
					<n1:Description>Beregnet MVA</n1:Description>
					<n1:DebitAmount>
						<n1:Amount>174.75</n1:Amount>
					</n1:DebitAmount>
				</n1:Line>
			</n1:Transaction>
			<n1:Transaction>
				<n1:TransactionID>1019</n1:TransactionID>
				<n1:Period>02</n1:Period>
				<n1:PeriodYear>2017</n1:PeriodYear>
				<n1:TransactionDate>2017-02-11</n1:TransactionDate>
				<n1:TransactionType>Normal</n1:TransactionType>
				<n1:Description>Salg av leker</n1:Description>
				<n1:SystemEntryDate>2017-02-12</n1:SystemEntryDate>
				<n1:GLPostingDate>2017-02-12</n1:GLPostingDate>
				<n1:Line>
					<n1:RecordID>1</n1:RecordID>
					<n1:AccountID>3000</n1:AccountID>
					<n1:Analysis>
						<n1:AnalysisType>P</n1:AnalysisType>
						<n1:AnalysisID>202</n1:AnalysisID>
						<n1:AnalysisAmount>
							<n1:Amount>32100</n1:Amount>
						</n1:AnalysisAmount>
					</n1:Analysis>
					<n1:Analysis>
						<n1:AnalysisType>P</n1:AnalysisType>
						<n1:AnalysisID>203</n1:AnalysisID>
						<n1:AnalysisAmount>
							<n1:Amount>191000</n1:Amount>
						</n1:AnalysisAmount>
					</n1:Analysis>
					<n1:Analysis>
						<n1:AnalysisType>P</n1:AnalysisType>
						<n1:AnalysisID>90</n1:AnalysisID>
						<n1:AnalysisAmount>
							<n1:Amount>84500</n1:Amount>
						</n1:AnalysisAmount>
					</n1:Analysis>
					<n1:ValueDate>2017-02-12</n1:ValueDate>
					<n1:SourceDocumentID>1234</n1:SourceDocumentID>
					<n1:Description>Salg av leker</n1:Description>
					<n1:CreditAmount>
						<n1:Amount>307600</n1:Amount>
					</n1:CreditAmount>
					<n1:TaxInformation>
						<n1:TaxType>MVA</n1:TaxType>
						<n1:TaxCode>2</n1:TaxCode>
						<n1:TaxPercentage>25</n1:TaxPercentage>
						<n1:TaxBase>307600</n1:TaxBase>
						<n1:TaxAmount>
							<n1:Amount>76900</n1:Amount>
						</n1:TaxAmount>
					</n1:TaxInformation>
				</n1:Line>
				<n1:Line>
					<n1:RecordID>2</n1:RecordID>
					<n1:AccountID>1500</n1:AccountID>
					<n1:ValueDate>2017-02-12</n1:ValueDate>
					<n1:SourceDocumentID>1234</n1:SourceDocumentID>
					<n1:CustomerID>1004</n1:CustomerID>
					<n1:Description>Salg av leker</n1:Description>
					<n1:DebitAmount>
						<n1:Amount>384500</n1:Amount>
					</n1:DebitAmount>
				</n1:Line>
				<n1:Line>
					<n1:RecordID>3</n1:RecordID>
					<n1:AccountID>2700</n1:AccountID>
					<n1:ValueDate>2017-02-12</n1:ValueDate>
					<n1:SourceDocumentID>1234</n1:SourceDocumentID>
					<n1:Description>Beregnet MVA</n1:Description>
					<n1:CreditAmount>
						<n1:Amount>76900</n1:Amount>
					</n1:CreditAmount>
				</n1:Line>
			</n1:Transaction>
			<n1:Transaction>
				<n1:TransactionID>1020</n1:TransactionID>
				<n1:Period>02</n1:Period>
				<n1:PeriodYear>2017</n1:PeriodYear>
				<n1:TransactionDate>2017-02-09</n1:TransactionDate>
				<n1:TransactionType>Normal</n1:TransactionType>
				<n1:Description>Salg av Babyleker</n1:Description>
				<n1:SystemEntryDate>2017-02-09</n1:SystemEntryDate>
				<n1:GLPostingDate>2017-02-12</n1:GLPostingDate>
				<n1:Line>
					<n1:RecordID>1</n1:RecordID>
					<n1:AccountID>3000</n1:AccountID>
					<n1:Analysis>
						<n1:AnalysisType>P</n1:AnalysisType>
						<n1:AnalysisID>202</n1:AnalysisID>
						<n1:AnalysisAmount>
							<n1:Amount>19000</n1:Amount>
						</n1:AnalysisAmount>
					</n1:Analysis>
					<n1:Analysis>
						<n1:AnalysisType>P</n1:AnalysisType>
						<n1:AnalysisID>203</n1:AnalysisID>
						<n1:AnalysisAmount>
							<n1:Amount>43200</n1:Amount>
						</n1:AnalysisAmount>
					</n1:Analysis>
					<n1:ValueDate>2017-02-09</n1:ValueDate>
					<n1:SourceDocumentID>77</n1:SourceDocumentID>
					<n1:Description>Salg av Babyleker</n1:Description>
					<n1:CreditAmount>
						<n1:Amount>62200.00</n1:Amount>
					</n1:CreditAmount>
					<n1:TaxInformation>
						<n1:TaxType>MVA</n1:TaxType>
						<n1:TaxCode>2</n1:TaxCode>
						<n1:TaxPercentage>25</n1:TaxPercentage>
						<n1:TaxBase>62200.00</n1:TaxBase>
						<n1:TaxAmount>
							<n1:Amount>15550.00</n1:Amount>
						</n1:TaxAmount>
					</n1:TaxInformation>
				</n1:Line>
				<n1:Line>
					<n1:RecordID>2</n1:RecordID>
					<n1:AccountID>1500</n1:AccountID>
					<n1:ValueDate>2017-02-09</n1:ValueDate>
					<n1:SourceDocumentID>77</n1:SourceDocumentID>
					<n1:CustomerID>1005</n1:CustomerID>
					<n1:Description>Salg av Babyleker</n1:Description>
					<n1:DebitAmount>
						<n1:Amount>77750.00</n1:Amount>
					</n1:DebitAmount>
				</n1:Line>
				<n1:Line>
					<n1:RecordID>3</n1:RecordID>
					<n1:AccountID>2700</n1:AccountID>
					<n1:ValueDate>2017-02-09</n1:ValueDate>
					<n1:SourceDocumentID>77</n1:SourceDocumentID>
					<n1:Description>Beregnet MVA</n1:Description>
					<n1:CreditAmount>
						<n1:Amount>15550.00</n1:Amount>
					</n1:CreditAmount>
				</n1:Line>
			</n1:Transaction>
			<n1:Transaction>
				<n1:TransactionID>1021</n1:TransactionID>
				<n1:Period>02</n1:Period>
				<n1:PeriodYear>2017</n1:PeriodYear>
				<n1:TransactionDate>2017-02-12</n1:TransactionDate>
				<n1:TransactionType>Normal</n1:TransactionType>
				<n1:Description>Ansattlønn februar</n1:Description>
				<n1:SystemEntryDate>2017-02-12</n1:SystemEntryDate>
				<n1:GLPostingDate>2017-02-12</n1:GLPostingDate>
				<n1:Line>
					<n1:RecordID>1</n1:RecordID>
					<n1:AccountID>5000</n1:AccountID>
					<n1:Analysis>
						<n1:AnalysisType>A</n1:AnalysisType>
						<n1:AnalysisID>100</n1:AnalysisID>
						<n1:AnalysisAmount>
							<n1:Amount>97800</n1:Amount>
						</n1:AnalysisAmount>
					</n1:Analysis>
					<n1:Analysis>
						<n1:AnalysisType>A</n1:AnalysisType>
						<n1:AnalysisID>101</n1:AnalysisID>
						<n1:AnalysisAmount>
							<n1:Amount>77200</n1:Amount>
						</n1:AnalysisAmount>
					</n1:Analysis>
					<n1:Analysis>
						<n1:AnalysisType>A</n1:AnalysisType>
						<n1:AnalysisID>102</n1:AnalysisID>
						<n1:AnalysisAmount>
							<n1:Amount>199000</n1:Amount>
						</n1:AnalysisAmount>
					</n1:Analysis>
					<n1:ValueDate>2017-02-12</n1:ValueDate>
					<n1:SourceDocumentID>1235</n1:SourceDocumentID>
					<n1:Description>Ansattlønn februar</n1:Description>
					<n1:DebitAmount>
						<n1:Amount>374000</n1:Amount>
					</n1:DebitAmount>
				</n1:Line>
				<n1:Line>
					<n1:RecordID>2</n1:RecordID>
					<n1:AccountID>1920</n1:AccountID>
					<n1:ValueDate>2017-02-12</n1:ValueDate>
					<n1:SourceDocumentID>1235</n1:SourceDocumentID>
					<n1:Description>Ansattlønn februar</n1:Description>
					<n1:CreditAmount>
						<n1:Amount>374000</n1:Amount>
					</n1:CreditAmount>
				</n1:Line>
			</n1:Transaction>
			<n1:Transaction>
				<n1:TransactionID>1022</n1:TransactionID>
				<n1:Period>02</n1:Period>
				<n1:PeriodYear>2017</n1:PeriodYear>
				<n1:TransactionDate>2017-02-23</n1:TransactionDate>
				<n1:TransactionType>Normal</n1:TransactionType>
				<n1:Description>Innbetalinger bank</n1:Description>
				<n1:SystemEntryDate>2017-02-23</n1:SystemEntryDate>
				<n1:GLPostingDate>2017-02-23</n1:GLPostingDate>
				<n1:Line>
					<n1:RecordID>1</n1:RecordID>
					<n1:AccountID>1920</n1:AccountID>
					<n1:ValueDate>2017-02-23</n1:ValueDate>
					<n1:SourceDocumentID>234</n1:SourceDocumentID>
					<n1:Description>Innbetalinger bank</n1:Description>
					<n1:DebitAmount>
						<n1:Amount>434500</n1:Amount>
					</n1:DebitAmount>
				</n1:Line>
				<n1:Line>
					<n1:RecordID>2</n1:RecordID>
					<n1:AccountID>1500</n1:AccountID>
					<n1:ValueDate>2017-02-23</n1:ValueDate>
					<n1:SourceDocumentID>234</n1:SourceDocumentID>
					<n1:CustomerID>1004</n1:CustomerID>
					<n1:Description>Innbetalinger bank</n1:Description>
					<n1:CreditAmount>
						<n1:Amount>384500</n1:Amount>
					</n1:CreditAmount>
				</n1:Line>
				<n1:Line>
					<n1:RecordID>3</n1:RecordID>
					<n1:AccountID>1500</n1:AccountID>
					<n1:ValueDate>2017-02-23</n1:ValueDate>
					<n1:SourceDocumentID>234</n1:SourceDocumentID>
					<n1:CustomerID>1000</n1:CustomerID>
					<n1:Description>Innbetalinger bank</n1:Description>
					<n1:CreditAmount>
						<n1:Amount>50000</n1:Amount>
					</n1:CreditAmount>
				</n1:Line>
			</n1:Transaction>
			<n1:Transaction>
				<n1:TransactionID>1023</n1:TransactionID>
				<n1:Period>02</n1:Period>
				<n1:PeriodYear>2017</n1:PeriodYear>
				<n1:TransactionDate>2017-02-27</n1:TransactionDate>
				<n1:TransactionType>Normal</n1:TransactionType>
				<n1:Description>Remittering bank</n1:Description>
				<n1:SystemEntryDate>2017-02-27</n1:SystemEntryDate>
				<n1:GLPostingDate>2017-02-27</n1:GLPostingDate>
				<n1:Line>
					<n1:RecordID>1</n1:RecordID>
					<n1:AccountID>1920</n1:AccountID>
					<n1:ValueDate>2017-02-27</n1:ValueDate>
					<n1:SourceDocumentID>1237</n1:SourceDocumentID>
					<n1:Description>Remittering bank</n1:Description>
					<n1:CreditAmount>
						<n1:Amount>78750</n1:Amount>
					</n1:CreditAmount>
				</n1:Line>
				<n1:Line>
					<n1:RecordID>2</n1:RecordID>
					<n1:AccountID>2400</n1:AccountID>
					<n1:ValueDate>2017-02-27</n1:ValueDate>
					<n1:SourceDocumentID>1237</n1:SourceDocumentID>
					<n1:SupplierID>2002</n1:SupplierID>
					<n1:Description>Remittering bank</n1:Description>
					<n1:DebitAmount>
						<n1:Amount>12500</n1:Amount>
					</n1:DebitAmount>
				</n1:Line>
				<n1:Line>
					<n1:RecordID>3</n1:RecordID>
					<n1:AccountID>2400</n1:AccountID>
					<n1:ValueDate>2017-02-27</n1:ValueDate>
					<n1:SourceDocumentID>1238</n1:SourceDocumentID>
					<n1:SupplierID>2003</n1:SupplierID>
					<n1:Description>Remittering bank</n1:Description>
					<n1:DebitAmount>
						<n1:Amount>25000</n1:Amount>
					</n1:DebitAmount>
				</n1:Line>
				<n1:Line>
					<n1:RecordID>4</n1:RecordID>
					<n1:AccountID>2400</n1:AccountID>
					<n1:ValueDate>2017-02-27</n1:ValueDate>
					<n1:SourceDocumentID>1239</n1:SourceDocumentID>
					<n1:SupplierID>2001</n1:SupplierID>
					<n1:Description>Remittering bank</n1:Description>
					<n1:DebitAmount>
						<n1:Amount>41250</n1:Amount>
					</n1:DebitAmount>
				</n1:Line>
			</n1:Transaction>
			<n1:Transaction>
				<n1:TransactionID>1025</n1:TransactionID>
				<n1:Period>02</n1:Period>
				<n1:PeriodYear>2017</n1:PeriodYear>
				<n1:TransactionDate>2017-02-27</n1:TransactionDate>
				<n1:TransactionType>Normal</n1:TransactionType>
				<n1:Description>Salg av leker</n1:Description>
				<n1:SystemEntryDate>2017-02-27</n1:SystemEntryDate>
				<n1:GLPostingDate>2017-02-27</n1:GLPostingDate>
				<n1:Line>
					<n1:RecordID>1</n1:RecordID>
					<n1:AccountID>3000</n1:AccountID>
					<n1:Analysis>
						<n1:AnalysisType>P</n1:AnalysisType>
						<n1:AnalysisID>202</n1:AnalysisID>
						<n1:AnalysisAmount>
							<n1:Amount>11000</n1:Amount>
						</n1:AnalysisAmount>
					</n1:Analysis>
					<n1:Analysis>
						<n1:AnalysisType>P</n1:AnalysisType>
						<n1:AnalysisID>203</n1:AnalysisID>
						<n1:AnalysisAmount>
							<n1:Amount>65700</n1:Amount>
						</n1:AnalysisAmount>
					</n1:Analysis>
					<n1:Analysis>
						<n1:AnalysisType>P</n1:AnalysisType>
						<n1:AnalysisID>90</n1:AnalysisID>
						<n1:AnalysisAmount>
							<n1:Amount>46500</n1:Amount>
						</n1:AnalysisAmount>
					</n1:Analysis>
					<n1:ValueDate>2017-02-27</n1:ValueDate>
					<n1:SourceDocumentID>14</n1:SourceDocumentID>
					<n1:Description>Salg av leker</n1:Description>
					<n1:CreditAmount>
						<n1:Amount>123200.00</n1:Amount>
					</n1:CreditAmount>
					<n1:TaxInformation>
						<n1:TaxType>MVA</n1:TaxType>
						<n1:TaxCode>2</n1:TaxCode>
						<n1:TaxPercentage>25</n1:TaxPercentage>
						<n1:TaxBase>123200</n1:TaxBase>
						<n1:TaxAmount>
							<n1:Amount>30800</n1:Amount>
						</n1:TaxAmount>
					</n1:TaxInformation>
				</n1:Line>
				<n1:Line>
					<n1:RecordID>2</n1:RecordID>
					<n1:AccountID>1500</n1:AccountID>
					<n1:ValueDate>2017-02-27</n1:ValueDate>
					<n1:SourceDocumentID>14</n1:SourceDocumentID>
					<n1:CustomerID>1002</n1:CustomerID>
					<n1:Description>Salg av leker</n1:Description>
					<n1:DebitAmount>
						<n1:Amount>154000</n1:Amount>
					</n1:DebitAmount>
				</n1:Line>
				<n1:Line>
					<n1:RecordID>3</n1:RecordID>
					<n1:AccountID>2700</n1:AccountID>
					<n1:ValueDate>2017-02-27</n1:ValueDate>
					<n1:SourceDocumentID>14</n1:SourceDocumentID>
					<n1:Description>Beregnet MVA</n1:Description>
					<n1:CreditAmount>
						<n1:Amount>30800</n1:Amount>
					</n1:CreditAmount>
				</n1:Line>
			</n1:Transaction>
			<n1:Transaction>
				<n1:TransactionID>1026</n1:TransactionID>
				<n1:Period>02</n1:Period>
				<n1:PeriodYear>2017</n1:PeriodYear>
				<n1:TransactionDate>2017-02-28</n1:TransactionDate>
				<n1:TransactionType>Normal</n1:TransactionType>
				<n1:Description>Leie maskiner feb.</n1:Description>
				<n1:SystemEntryDate>2017-02-28</n1:SystemEntryDate>
				<n1:GLPostingDate>2017-02-28</n1:GLPostingDate>
				<n1:Line>
					<n1:RecordID>1</n1:RecordID>
					<n1:AccountID>6400</n1:AccountID>
					<n1:Analysis>
						<n1:AnalysisType>A</n1:AnalysisType>
						<n1:AnalysisID>102</n1:AnalysisID>
						<n1:AnalysisAmount>
							<n1:Amount>16500</n1:Amount>
						</n1:AnalysisAmount>
					</n1:Analysis>
					<n1:ValueDate>2017-02-28</n1:ValueDate>
					<n1:SourceDocumentID>124</n1:SourceDocumentID>
					<n1:Description>Leie maskiner feb.</n1:Description>
					<n1:DebitAmount>
						<n1:Amount>16500</n1:Amount>
					</n1:DebitAmount>
					<n1:TaxInformation>
						<n1:TaxType>MVA</n1:TaxType>
						<n1:TaxCode>1</n1:TaxCode>
						<n1:TaxPercentage>25</n1:TaxPercentage>
						<n1:TaxBase>16500</n1:TaxBase>
						<n1:TaxAmount>
							<n1:Amount>4125</n1:Amount>
						</n1:TaxAmount>
					</n1:TaxInformation>
				</n1:Line>
				<n1:Line>
					<n1:RecordID>2</n1:RecordID>
					<n1:AccountID>2710</n1:AccountID>
					<n1:ValueDate>2017-02-28</n1:ValueDate>
					<n1:SourceDocumentID>124</n1:SourceDocumentID>
					<n1:Description>Beregnet MVA</n1:Description>
					<n1:DebitAmount>
						<n1:Amount>4125.00</n1:Amount>
					</n1:DebitAmount>
				</n1:Line>
				<n1:Line>
					<n1:RecordID>3</n1:RecordID>
					<n1:AccountID>2400</n1:AccountID>
					<n1:ValueDate>2017-02-28</n1:ValueDate>
					<n1:SourceDocumentID>124</n1:SourceDocumentID>
					<n1:SupplierID>2001</n1:SupplierID>
					<n1:Description>Leie maskiner feb.</n1:Description>
					<n1:CreditAmount>
						<n1:Amount>20625.00</n1:Amount>
					</n1:CreditAmount>
				</n1:Line>
			</n1:Transaction>
			<n1:Transaction>
				<n1:TransactionID>1027</n1:TransactionID>
				<n1:Period>02</n1:Period>
				<n1:PeriodYear>2017</n1:PeriodYear>
				<n1:TransactionDate>2017-02-28</n1:TransactionDate>
				<n1:TransactionType>Normal</n1:TransactionType>
				<n1:Description>Remittering bank</n1:Description>
				<n1:SystemEntryDate>2017-02-28</n1:SystemEntryDate>
				<n1:GLPostingDate>2017-02-28</n1:GLPostingDate>
				<n1:Line>
					<n1:RecordID>1</n1:RecordID>
					<n1:AccountID>1920</n1:AccountID>
					<n1:ValueDate>2017-02-28</n1:ValueDate>
					<n1:SourceDocumentID>1237</n1:SourceDocumentID>
					<n1:Description>Remittering bank</n1:Description>
					<n1:CreditAmount>
						<n1:Amount>41125</n1:Amount>
					</n1:CreditAmount>
				</n1:Line>
				<n1:Line>
					<n1:RecordID>2</n1:RecordID>
					<n1:AccountID>2400</n1:AccountID>
					<n1:ValueDate>2017-02-28</n1:ValueDate>
					<n1:SourceDocumentID>1237</n1:SourceDocumentID>
					<n1:SupplierID>2004</n1:SupplierID>
					<n1:Description>Remittering bank</n1:Description>
					<n1:DebitAmount>
						<n1:Amount>36000</n1:Amount>
					</n1:DebitAmount>
				</n1:Line>
				<n1:Line>
					<n1:RecordID>3</n1:RecordID>
					<n1:AccountID>2400</n1:AccountID>
					<n1:ValueDate>2017-02-28</n1:ValueDate>
					<n1:SourceDocumentID>1238</n1:SourceDocumentID>
					<n1:SupplierID>2005</n1:SupplierID>
					<n1:Description>Remittering bank</n1:Description>
					<n1:DebitAmount>
						<n1:Amount>5125</n1:Amount>
					</n1:DebitAmount>
				</n1:Line>
			</n1:Transaction>
			<n1:Transaction>
				<n1:TransactionID>1028</n1:TransactionID>
				<n1:Period>03</n1:Period>
				<n1:PeriodYear>2017</n1:PeriodYear>
				<n1:TransactionDate>2017-03-01</n1:TransactionDate>
				<n1:TransactionType>Normal</n1:TransactionType>
				<n1:Description>Innbetalinger fra kunder</n1:Description>
				<n1:SystemEntryDate>2017-03-01</n1:SystemEntryDate>
				<n1:GLPostingDate>2017-03-01</n1:GLPostingDate>
				<n1:Line>
					<n1:RecordID>1</n1:RecordID>
					<n1:AccountID>1920</n1:AccountID>
					<n1:ValueDate>2017-03-01</n1:ValueDate>
					<n1:SourceDocumentID>235</n1:SourceDocumentID>
					<n1:Description>Innbetalinger fra kunder</n1:Description>
					<n1:DebitAmount>
						<n1:Amount>520098.75</n1:Amount>
					</n1:DebitAmount>
				</n1:Line>
				<n1:Line>
					<n1:RecordID>2</n1:RecordID>
					<n1:AccountID>1500</n1:AccountID>
					<n1:ValueDate>2017-03-01</n1:ValueDate>
					<n1:SourceDocumentID>235</n1:SourceDocumentID>
					<n1:CustomerID>1001</n1:CustomerID>
					<n1:Description>Innbetalinger fra kunder</n1:Description>
					<n1:CreditAmount>
						<n1:Amount>243648.75</n1:Amount>
					</n1:CreditAmount>
				</n1:Line>
				<n1:Line>
					<n1:RecordID>3</n1:RecordID>
					<n1:AccountID>1500</n1:AccountID>
					<n1:ValueDate>2017-03-01</n1:ValueDate>
					<n1:SourceDocumentID>235</n1:SourceDocumentID>
					<n1:CustomerID>1005</n1:CustomerID>
					<n1:Description>Innbetalinger faktura februar og utestående fra desember</n1:Description>
					<n1:CreditAmount>
						<n1:Amount>90450</n1:Amount>
					</n1:CreditAmount>
				</n1:Line>
				<n1:Line>
					<n1:RecordID>4</n1:RecordID>
					<n1:AccountID>1500</n1:AccountID>
					<n1:ValueDate>2017-03-01</n1:ValueDate>
					<n1:SourceDocumentID>235</n1:SourceDocumentID>
					<n1:CustomerID>1002</n1:CustomerID>
					<n1:Description>Innbetaling fra kunde</n1:Description>
					<n1:CreditAmount>
						<n1:Amount>154000</n1:Amount>
					</n1:CreditAmount>
				</n1:Line>
				<n1:Line>
					<n1:RecordID>5</n1:RecordID>
					<n1:AccountID>1500</n1:AccountID>
					<n1:ValueDate>2017-03-01</n1:ValueDate>
					<n1:SourceDocumentID>235</n1:SourceDocumentID>
					<n1:CustomerID>1000</n1:CustomerID>
					<n1:Description>Innbetalinger etter purring, utestående fra 2016</n1:Description>
					<n1:CreditAmount>
						<n1:Amount>32000</n1:Amount>
					</n1:CreditAmount>
				</n1:Line>
			</n1:Transaction>
			<n1:Transaction>
				<n1:TransactionID>1029</n1:TransactionID>
				<n1:Period>03</n1:Period>
				<n1:PeriodYear>2017</n1:PeriodYear>
				<n1:TransactionDate>2017-03-02</n1:TransactionDate>
				<n1:TransactionType>Normal</n1:TransactionType>
				<n1:Description>Faktura 1175 - gummi</n1:Description>
				<n1:SystemEntryDate>2017-03-02</n1:SystemEntryDate>
				<n1:GLPostingDate>2017-03-02</n1:GLPostingDate>
				<n1:Line>
					<n1:RecordID>1</n1:RecordID>
					<n1:AccountID>4000</n1:AccountID>
					<n1:Analysis>
						<n1:AnalysisType>A</n1:AnalysisType>
						<n1:AnalysisID>102</n1:AnalysisID>
						<n1:AnalysisAmount>
							<n1:Amount>23050</n1:Amount>
						</n1:AnalysisAmount>
					</n1:Analysis>
					<n1:Analysis>
						<n1:AnalysisType>P</n1:AnalysisType>
						<n1:AnalysisID>203</n1:AnalysisID>
						<n1:AnalysisAmount>
							<n1:Amount>23050</n1:Amount>
						</n1:AnalysisAmount>
					</n1:Analysis>
					<n1:ValueDate>2017-03-02</n1:ValueDate>
					<n1:SourceDocumentID>1234</n1:SourceDocumentID>
					<n1:Description>Faktura 1175 - gummi</n1:Description>
					<n1:DebitAmount>
						<n1:Amount>23050</n1:Amount>
					</n1:DebitAmount>
					<n1:TaxInformation>
						<n1:TaxType>MVA</n1:TaxType>
						<n1:TaxCode>1</n1:TaxCode>
						<n1:TaxPercentage>25</n1:TaxPercentage>
						<n1:TaxBase>23050</n1:TaxBase>
						<n1:TaxAmount>
							<n1:Amount>5762.50</n1:Amount>
						</n1:TaxAmount>
					</n1:TaxInformation>
					<n1:ReferenceNumber>1155</n1:ReferenceNumber>
				</n1:Line>
				<n1:Line>
					<n1:RecordID>2</n1:RecordID>
					<n1:AccountID>2400</n1:AccountID>
					<n1:ValueDate>2017-03-02</n1:ValueDate>
					<n1:SourceDocumentID>1234</n1:SourceDocumentID>
					<n1:SupplierID>2004</n1:SupplierID>
					<n1:Description>Faktura 1175 - gummi</n1:Description>
					<n1:CreditAmount>
						<n1:Amount>28812.50</n1:Amount>
					</n1:CreditAmount>
					<n1:ReferenceNumber>1155</n1:ReferenceNumber>
				</n1:Line>
				<n1:Line>
					<n1:RecordID>3</n1:RecordID>
					<n1:AccountID>2710</n1:AccountID>
					<n1:ValueDate>2017-03-02</n1:ValueDate>
					<n1:SourceDocumentID>1234</n1:SourceDocumentID>
					<n1:Description>Beregnet MVA</n1:Description>
					<n1:DebitAmount>
						<n1:Amount>5762.50</n1:Amount>
					</n1:DebitAmount>
				</n1:Line>
			</n1:Transaction>
			<n1:Transaction>
				<n1:TransactionID>1030</n1:TransactionID>
				<n1:Period>03</n1:Period>
				<n1:PeriodYear>2017</n1:PeriodYear>
				<n1:TransactionDate>2017-03-04</n1:TransactionDate>
				<n1:TransactionType>Normal</n1:TransactionType>
				<n1:Description>Faktura 10065 - Bambustre</n1:Description>
				<n1:SystemEntryDate>2017-03-04</n1:SystemEntryDate>
				<n1:GLPostingDate>2017-03-04</n1:GLPostingDate>
				<n1:Line>
					<n1:RecordID>1</n1:RecordID>
					<n1:AccountID>4000</n1:AccountID>
					<n1:Analysis>
						<n1:AnalysisType>A</n1:AnalysisType>
						<n1:AnalysisID>102</n1:AnalysisID>
						<n1:AnalysisAmount>
							<n1:Amount>10000</n1:Amount>
						</n1:AnalysisAmount>
					</n1:Analysis>
					<n1:Analysis>
						<n1:AnalysisType>P</n1:AnalysisType>
						<n1:AnalysisID>90</n1:AnalysisID>
						<n1:AnalysisAmount>
							<n1:Amount>10000</n1:Amount>
						</n1:AnalysisAmount>
					</n1:Analysis>
					<n1:ValueDate>2017-03-04</n1:ValueDate>
					<n1:SourceDocumentID>1234</n1:SourceDocumentID>
					<n1:Description>Faktura 10065 - Bambustre</n1:Description>
					<n1:DebitAmount>
						<n1:Amount>10000</n1:Amount>
					</n1:DebitAmount>
					<n1:TaxInformation>
						<n1:TaxType>MVA</n1:TaxType>
						<n1:TaxCode>1</n1:TaxCode>
						<n1:TaxPercentage>25</n1:TaxPercentage>
						<n1:TaxBase>10000</n1:TaxBase>
						<n1:TaxAmount>
							<n1:Amount>2500</n1:Amount>
						</n1:TaxAmount>
					</n1:TaxInformation>
				</n1:Line>
				<n1:Line>
					<n1:RecordID>2</n1:RecordID>
					<n1:AccountID>2400</n1:AccountID>
					<n1:ValueDate>2017-03-04</n1:ValueDate>
					<n1:SourceDocumentID>1234</n1:SourceDocumentID>
					<n1:SupplierID>2004</n1:SupplierID>
					<n1:Description>Faktura 10065 - Bambustre</n1:Description>
					<n1:CreditAmount>
						<n1:Amount>12500</n1:Amount>
					</n1:CreditAmount>
				</n1:Line>
				<n1:Line>
					<n1:RecordID>3</n1:RecordID>
					<n1:AccountID>2710</n1:AccountID>
					<n1:ValueDate>2017-03-04</n1:ValueDate>
					<n1:SourceDocumentID>1234</n1:SourceDocumentID>
					<n1:Description>Beregnet MVA</n1:Description>
					<n1:DebitAmount>
						<n1:Amount>2500</n1:Amount>
					</n1:DebitAmount>
				</n1:Line>
			</n1:Transaction>
			<n1:Transaction>
				<n1:TransactionID>1031</n1:TransactionID>
				<n1:Period>03</n1:Period>
				<n1:PeriodYear>2017</n1:PeriodYear>
				<n1:TransactionDate>2017-03-08</n1:TransactionDate>
				<n1:TransactionType>Normal</n1:TransactionType>
				<n1:Description>Strøm jan feb. 2017</n1:Description>
				<n1:SystemEntryDate>2017-03-08</n1:SystemEntryDate>
				<n1:GLPostingDate>2017-03-09</n1:GLPostingDate>
				<n1:Line>
					<n1:RecordID>1</n1:RecordID>
					<n1:AccountID>6200</n1:AccountID>
					<n1:Analysis>
						<n1:AnalysisType>A</n1:AnalysisType>
						<n1:AnalysisID>100</n1:AnalysisID>
						<n1:AnalysisAmount>
							<n1:Amount>5000</n1:Amount>
						</n1:AnalysisAmount>
					</n1:Analysis>
					<n1:Analysis>
						<n1:AnalysisType>A</n1:AnalysisType>
						<n1:AnalysisID>102</n1:AnalysisID>
						<n1:AnalysisAmount>
							<n1:Amount>15000</n1:Amount>
						</n1:AnalysisAmount>
					</n1:Analysis>
					<n1:ValueDate>2017-03-08</n1:ValueDate>
					<n1:SourceDocumentID>1288</n1:SourceDocumentID>
					<n1:Description>Strøm jan feb. 2017</n1:Description>
					<n1:DebitAmount>
						<n1:Amount>20000</n1:Amount>
					</n1:DebitAmount>
					<n1:TaxInformation>
						<n1:TaxType>MVA</n1:TaxType>
						<n1:TaxCode>1</n1:TaxCode>
						<n1:TaxPercentage>25</n1:TaxPercentage>
						<n1:TaxBase>20000</n1:TaxBase>
						<n1:TaxAmount>
							<n1:Amount>5000</n1:Amount>
						</n1:TaxAmount>
					</n1:TaxInformation>
				</n1:Line>
				<n1:Line>
					<n1:RecordID>2</n1:RecordID>
					<n1:AccountID>2400</n1:AccountID>
					<n1:ValueDate>2017-03-08</n1:ValueDate>
					<n1:SourceDocumentID>1288</n1:SourceDocumentID>
					<n1:SupplierID>2003</n1:SupplierID>
					<n1:Description>Strøm jan feb. 2017</n1:Description>
					<n1:CreditAmount>
						<n1:Amount>25000</n1:Amount>
					</n1:CreditAmount>
				</n1:Line>
				<n1:Line>
					<n1:RecordID>3</n1:RecordID>
					<n1:AccountID>2710</n1:AccountID>
					<n1:ValueDate>2017-03-08</n1:ValueDate>
					<n1:SourceDocumentID>1288</n1:SourceDocumentID>
					<n1:Description>Beregnet MVA</n1:Description>
					<n1:DebitAmount>
						<n1:Amount>5000</n1:Amount>
					</n1:DebitAmount>
				</n1:Line>
			</n1:Transaction>
			<n1:Transaction>
				<n1:TransactionID>1032</n1:TransactionID>
				<n1:Period>03</n1:Period>
				<n1:PeriodYear>2017</n1:PeriodYear>
				<n1:TransactionDate>2017-03-08</n1:TransactionDate>
				<n1:TransactionType>Normal</n1:TransactionType>
				<n1:Description>Leie lokaler 03-04.2017</n1:Description>
				<n1:SystemEntryDate>2017-03-08</n1:SystemEntryDate>
				<n1:GLPostingDate>2017-03-08</n1:GLPostingDate>
				<n1:Line>
					<n1:RecordID>1</n1:RecordID>
					<n1:AccountID>6300</n1:AccountID>
					<n1:Analysis>
						<n1:AnalysisType>A</n1:AnalysisType>
						<n1:AnalysisID>100</n1:AnalysisID>
						<n1:AnalysisAmount>
							<n1:Amount>15000</n1:Amount>
						</n1:AnalysisAmount>
					</n1:Analysis>
					<n1:Analysis>
						<n1:AnalysisType>A</n1:AnalysisType>
						<n1:AnalysisID>101</n1:AnalysisID>
						<n1:AnalysisAmount>
							<n1:Amount>15000</n1:Amount>
						</n1:AnalysisAmount>
					</n1:Analysis>
					<n1:Analysis>
						<n1:AnalysisType>A</n1:AnalysisType>
						<n1:AnalysisID>102</n1:AnalysisID>
						<n1:AnalysisAmount>
							<n1:Amount>45000</n1:Amount>
						</n1:AnalysisAmount>
					</n1:Analysis>
					<n1:ValueDate>2017-03-08</n1:ValueDate>
					<n1:SourceDocumentID>884</n1:SourceDocumentID>
					<n1:Description>Leie lokaler 03-04.2017</n1:Description>
					<n1:DebitAmount>
						<n1:Amount>75000</n1:Amount>
					</n1:DebitAmount>
				</n1:Line>
				<n1:Line>
					<n1:RecordID>2</n1:RecordID>
					<n1:AccountID>2400</n1:AccountID>
					<n1:ValueDate>2017-03-08</n1:ValueDate>
					<n1:SourceDocumentID>884</n1:SourceDocumentID>
					<n1:SupplierID>2000</n1:SupplierID>
					<n1:Description>Leie lokaler 03-04.2017</n1:Description>
					<n1:CreditAmount>
						<n1:Amount>75000</n1:Amount>
					</n1:CreditAmount>
				</n1:Line>
			</n1:Transaction>
			<n1:Transaction>
				<n1:TransactionID>1033</n1:TransactionID>
				<n1:Period>03</n1:Period>
				<n1:PeriodYear>2017</n1:PeriodYear>
				<n1:TransactionDate>2017-03-10</n1:TransactionDate>
				<n1:TransactionType>Normal</n1:TransactionType>
				<n1:Description>Salg av div leker</n1:Description>
				<n1:SystemEntryDate>2017-03-10</n1:SystemEntryDate>
				<n1:GLPostingDate>2017-03-10</n1:GLPostingDate>
				<n1:Line>
					<n1:RecordID>1</n1:RecordID>
					<n1:AccountID>3000</n1:AccountID>
					<n1:Analysis>
						<n1:AnalysisType>P</n1:AnalysisType>
						<n1:AnalysisID>200</n1:AnalysisID>
						<n1:AnalysisAmount>
							<n1:Amount>8000</n1:Amount>
						</n1:AnalysisAmount>
					</n1:Analysis>
					<n1:Analysis>
						<n1:AnalysisType>P</n1:AnalysisType>
						<n1:AnalysisID>203</n1:AnalysisID>
						<n1:AnalysisAmount>
							<n1:Amount>260000</n1:Amount>
						</n1:AnalysisAmount>
					</n1:Analysis>
					<n1:Analysis>
						<n1:AnalysisType>P</n1:AnalysisType>
						<n1:AnalysisID>90</n1:AnalysisID>
						<n1:AnalysisAmount>
							<n1:Amount>75000</n1:Amount>
						</n1:AnalysisAmount>
					</n1:Analysis>
					<n1:ValueDate>2017-03-10</n1:ValueDate>
					<n1:SourceDocumentID>1234</n1:SourceDocumentID>
					<n1:Description>Salg av div leker</n1:Description>
					<n1:CreditAmount>
						<n1:Amount>343000</n1:Amount>
					</n1:CreditAmount>
					<n1:TaxInformation>
						<n1:TaxType>MVA</n1:TaxType>
						<n1:TaxCode>2</n1:TaxCode>
						<n1:TaxPercentage>25</n1:TaxPercentage>
						<n1:TaxBase>343000</n1:TaxBase>
						<n1:TaxAmount>
							<n1:Amount>85750</n1:Amount>
						</n1:TaxAmount>
					</n1:TaxInformation>
				</n1:Line>
				<n1:Line>
					<n1:RecordID>2</n1:RecordID>
					<n1:AccountID>1500</n1:AccountID>
					<n1:ValueDate>2017-03-10</n1:ValueDate>
					<n1:SourceDocumentID>1234</n1:SourceDocumentID>
					<n1:CustomerID>1003</n1:CustomerID>
					<n1:Description>Salg av div leker</n1:Description>
					<n1:DebitAmount>
						<n1:Amount>428750</n1:Amount>
					</n1:DebitAmount>
				</n1:Line>
				<n1:Line>
					<n1:RecordID>3</n1:RecordID>
					<n1:AccountID>2700</n1:AccountID>
					<n1:ValueDate>2017-03-10</n1:ValueDate>
					<n1:SourceDocumentID>1234</n1:SourceDocumentID>
					<n1:Description>Beregnet MVA</n1:Description>
					<n1:CreditAmount>
						<n1:Amount>85750</n1:Amount>
					</n1:CreditAmount>
				</n1:Line>
			</n1:Transaction>
			<n1:Transaction>
				<n1:TransactionID>1034</n1:TransactionID>
				<n1:Period>03</n1:Period>
				<n1:PeriodYear>2017</n1:PeriodYear>
				<n1:TransactionDate>2017-03-11</n1:TransactionDate>
				<n1:TransactionType>Normal</n1:TransactionType>
				<n1:Description>Salg av klosser</n1:Description>
				<n1:SystemEntryDate>2017-03-11</n1:SystemEntryDate>
				<n1:GLPostingDate>2017-03-12</n1:GLPostingDate>
				<n1:Line>
					<n1:RecordID>1</n1:RecordID>
					<n1:AccountID>3000</n1:AccountID>
					<n1:Analysis>
						<n1:AnalysisType>P</n1:AnalysisType>
						<n1:AnalysisID>90</n1:AnalysisID>
						<n1:AnalysisAmount>
							<n1:Amount>90000</n1:Amount>
						</n1:AnalysisAmount>
					</n1:Analysis>
					<n1:ValueDate>2017-03-11</n1:ValueDate>
					<n1:SourceDocumentID>1234</n1:SourceDocumentID>
					<n1:Description>Salg av klosser</n1:Description>
					<n1:CreditAmount>
						<n1:Amount>90000</n1:Amount>
					</n1:CreditAmount>
					<n1:TaxInformation>
						<n1:TaxType>MVA</n1:TaxType>
						<n1:TaxCode>2</n1:TaxCode>
						<n1:TaxPercentage>25</n1:TaxPercentage>
						<n1:TaxBase>90000</n1:TaxBase>
						<n1:TaxAmount>
							<n1:Amount>22500</n1:Amount>
						</n1:TaxAmount>
					</n1:TaxInformation>
				</n1:Line>
				<n1:Line>
					<n1:RecordID>2</n1:RecordID>
					<n1:AccountID>1500</n1:AccountID>
					<n1:ValueDate>2017-03-11</n1:ValueDate>
					<n1:SourceDocumentID>1234</n1:SourceDocumentID>
					<n1:CustomerID>1000</n1:CustomerID>
					<n1:Description>Salg av klosser</n1:Description>
					<n1:DebitAmount>
						<n1:Amount>112500</n1:Amount>
					</n1:DebitAmount>
				</n1:Line>
				<n1:Line>
					<n1:RecordID>3</n1:RecordID>
					<n1:AccountID>2700</n1:AccountID>
					<n1:ValueDate>2017-03-11</n1:ValueDate>
					<n1:SourceDocumentID>1234</n1:SourceDocumentID>
					<n1:Description>Beregnet MVA</n1:Description>
					<n1:CreditAmount>
						<n1:Amount>22500</n1:Amount>
					</n1:CreditAmount>
				</n1:Line>
			</n1:Transaction>
			<n1:Transaction>
				<n1:TransactionID>1035</n1:TransactionID>
				<n1:Period>03</n1:Period>
				<n1:PeriodYear>2017</n1:PeriodYear>
				<n1:TransactionDate>2017-03-11</n1:TransactionDate>
				<n1:TransactionType>Normal</n1:TransactionType>
				<n1:Description>Lønn mars</n1:Description>
				<n1:SystemEntryDate>2017-03-11</n1:SystemEntryDate>
				<n1:GLPostingDate>2017-03-11</n1:GLPostingDate>
				<n1:Line>
					<n1:RecordID>1</n1:RecordID>
					<n1:AccountID>5000</n1:AccountID>
					<n1:Analysis>
						<n1:AnalysisType>A</n1:AnalysisType>
						<n1:AnalysisID>100</n1:AnalysisID>
						<n1:AnalysisAmount>
							<n1:Amount>97800</n1:Amount>
						</n1:AnalysisAmount>
					</n1:Analysis>
					<n1:Analysis>
						<n1:AnalysisType>A</n1:AnalysisType>
						<n1:AnalysisID>101</n1:AnalysisID>
						<n1:AnalysisAmount>
							<n1:Amount>77200</n1:Amount>
						</n1:AnalysisAmount>
					</n1:Analysis>
					<n1:Analysis>
						<n1:AnalysisType>A</n1:AnalysisType>
						<n1:AnalysisID>102</n1:AnalysisID>
						<n1:AnalysisAmount>
							<n1:Amount>199000</n1:Amount>
						</n1:AnalysisAmount>
					</n1:Analysis>
					<n1:ValueDate>2017-03-11</n1:ValueDate>
					<n1:SourceDocumentID>1251</n1:SourceDocumentID>
					<n1:Description>Lønn mars</n1:Description>
					<n1:DebitAmount>
						<n1:Amount>374000</n1:Amount>
					</n1:DebitAmount>
				</n1:Line>
				<n1:Line>
					<n1:RecordID>2</n1:RecordID>
					<n1:AccountID>1920</n1:AccountID>
					<n1:ValueDate>2017-03-11</n1:ValueDate>
					<n1:SourceDocumentID>1251</n1:SourceDocumentID>
					<n1:Description>Lønn mars</n1:Description>
					<n1:CreditAmount>
						<n1:Amount>374000</n1:Amount>
					</n1:CreditAmount>
				</n1:Line>
			</n1:Transaction>
			<n1:Transaction>
				<n1:TransactionID>1036</n1:TransactionID>
				<n1:Period>03</n1:Period>
				<n1:PeriodYear>2017</n1:PeriodYear>
				<n1:TransactionDate>2017-03-13</n1:TransactionDate>
				<n1:TransactionType>Normal</n1:TransactionType>
				<n1:Description>Reklame annonser</n1:Description>
				<n1:SystemEntryDate>2017-03-13</n1:SystemEntryDate>
				<n1:GLPostingDate>2017-03-13</n1:GLPostingDate>
				<n1:Line>
					<n1:RecordID>1</n1:RecordID>
					<n1:AccountID>7320</n1:AccountID>
					<n1:Analysis>
						<n1:AnalysisType>P</n1:AnalysisType>
						<n1:AnalysisID>90</n1:AnalysisID>
						<n1:AnalysisAmount>
							<n1:Amount>5000</n1:Amount>
						</n1:AnalysisAmount>
					</n1:Analysis>
					<n1:Analysis>
						<n1:AnalysisType>P</n1:AnalysisType>
						<n1:AnalysisID>203</n1:AnalysisID>
						<n1:AnalysisAmount>
							<n1:Amount>7000</n1:Amount>
						</n1:AnalysisAmount>
					</n1:Analysis>
					<n1:ValueDate>2017-03-13</n1:ValueDate>
					<n1:SourceDocumentID>1234</n1:SourceDocumentID>
					<n1:Description>Reklame annonser</n1:Description>
					<n1:DebitAmount>
						<n1:Amount>12000</n1:Amount>
					</n1:DebitAmount>
					<n1:TaxInformation>
						<n1:TaxType>MVA</n1:TaxType>
						<n1:TaxCode>1</n1:TaxCode>
						<n1:TaxPercentage>25</n1:TaxPercentage>
						<n1:TaxBase>12000</n1:TaxBase>
						<n1:TaxAmount>
							<n1:Amount>3000</n1:Amount>
						</n1:TaxAmount>
					</n1:TaxInformation>
				</n1:Line>
				<n1:Line>
					<n1:RecordID>2</n1:RecordID>
					<n1:AccountID>2400</n1:AccountID>
					<n1:ValueDate>2017-03-13</n1:ValueDate>
					<n1:SourceDocumentID>1234</n1:SourceDocumentID>
					<n1:SupplierID>2005</n1:SupplierID>
					<n1:Description>Reklame annonser</n1:Description>
					<n1:CreditAmount>
						<n1:Amount>15000</n1:Amount>
					</n1:CreditAmount>
				</n1:Line>
				<n1:Line>
					<n1:RecordID>3</n1:RecordID>
					<n1:AccountID>2710</n1:AccountID>
					<n1:ValueDate>2017-03-13</n1:ValueDate>
					<n1:SourceDocumentID>1234</n1:SourceDocumentID>
					<n1:Description>Beregnet MVA</n1:Description>
					<n1:DebitAmount>
						<n1:Amount>3000</n1:Amount>
					</n1:DebitAmount>
				</n1:Line>
			</n1:Transaction>
			<n1:Transaction>
				<n1:TransactionID>1037</n1:TransactionID>
				<n1:Period>04</n1:Period>
				<n1:PeriodYear>2017</n1:PeriodYear>
				<n1:TransactionDate>2017-04-10</n1:TransactionDate>
				<n1:TransactionType>Normal</n1:TransactionType>
				<n1:Description>1. Termin MVA</n1:Description>
				<n1:SystemEntryDate>2017-04-10</n1:SystemEntryDate>
				<n1:GLPostingDate>2017-04-10</n1:GLPostingDate>
				<n1:Line>
					<n1:RecordID>1</n1:RecordID>
					<n1:AccountID>1920</n1:AccountID>
					<n1:ValueDate>2017-04-10</n1:ValueDate>
					<n1:SourceDocumentID>131</n1:SourceDocumentID>
					<n1:Description>1. Termin MVA</n1:Description>
					<n1:CreditAmount>
						<n1:Amount>258401.75</n1:Amount>
					</n1:CreditAmount>
				</n1:Line>
				<n1:Line>
					<n1:RecordID>2</n1:RecordID>
					<n1:AccountID>2740</n1:AccountID>
					<n1:ValueDate>2017-04-10</n1:ValueDate>
					<n1:SourceDocumentID>131</n1:SourceDocumentID>
					<n1:Description>1. Termin MVA</n1:Description>
					<n1:DebitAmount>
						<n1:Amount>258401.75</n1:Amount>
					</n1:DebitAmount>
				</n1:Line>
				<n1:Line>
					<n1:RecordID>3</n1:RecordID>
					<n1:AccountID>2700</n1:AccountID>
					<n1:ValueDate>2017-04-10</n1:ValueDate>
					<n1:SourceDocumentID>131</n1:SourceDocumentID>
					<n1:Description>1. Termin MVA</n1:Description>
					<n1:DebitAmount>
						<n1:Amount>302709.5</n1:Amount>
					</n1:DebitAmount>
				</n1:Line>
				<n1:Line>
					<n1:RecordID>4</n1:RecordID>
					<n1:AccountID>2740</n1:AccountID>
					<n1:ValueDate>2017-04-10</n1:ValueDate>
					<n1:SourceDocumentID>131</n1:SourceDocumentID>
					<n1:Description>1. Termin MVA</n1:Description>
					<n1:CreditAmount>
						<n1:Amount>302709.5</n1:Amount>
					</n1:CreditAmount>
				</n1:Line>
				<n1:Line>
					<n1:RecordID>5</n1:RecordID>
					<n1:AccountID>2710</n1:AccountID>
					<n1:ValueDate>2017-04-10</n1:ValueDate>
					<n1:SourceDocumentID>131</n1:SourceDocumentID>
					<n1:Description>1. Termin MVA</n1:Description>
					<n1:CreditAmount>
						<n1:Amount>44225.25</n1:Amount>
					</n1:CreditAmount>
				</n1:Line>
				<n1:Line>
					<n1:RecordID>6</n1:RecordID>
					<n1:AccountID>2740</n1:AccountID>
					<n1:ValueDate>2017-04-10</n1:ValueDate>
					<n1:SourceDocumentID>131</n1:SourceDocumentID>
					<n1:Description>1. Termin MVA</n1:Description>
					<n1:DebitAmount>
						<n1:Amount>44225.25</n1:Amount>
					</n1:DebitAmount>
				</n1:Line>
				<n1:Line>
					<n1:RecordID>7</n1:RecordID>
					<n1:AccountID>2711</n1:AccountID>
					<n1:ValueDate>2017-04-10</n1:ValueDate>
					<n1:SourceDocumentID>131</n1:SourceDocumentID>
					<n1:Description>1. Termin MVA</n1:Description>
					<n1:CreditAmount>
						<n1:Amount>82.85</n1:Amount>
					</n1:CreditAmount>
				</n1:Line>
				<n1:Line>
					<n1:RecordID>8</n1:RecordID>
					<n1:AccountID>2740</n1:AccountID>
					<n1:ValueDate>2017-04-10</n1:ValueDate>
					<n1:SourceDocumentID>131</n1:SourceDocumentID>
					<n1:Description>1. Termin MVA</n1:Description>
					<n1:DebitAmount>
						<n1:Amount>82.85</n1:Amount>
					</n1:DebitAmount>
				</n1:Line>
			</n1:Transaction>
			<n1:Transaction>
				<n1:TransactionID>1038</n1:TransactionID>
				<n1:Period>03</n1:Period>
				<n1:PeriodYear>2017</n1:PeriodYear>
				<n1:TransactionDate>2017-03-16</n1:TransactionDate>
				<n1:TransactionType>Normal</n1:TransactionType>
				<n1:Description>Kontorstoler. Faktnr 2017-651</n1:Description>
				<n1:SystemEntryDate>2017-03-16</n1:SystemEntryDate>
				<n1:GLPostingDate>2017-03-16</n1:GLPostingDate>
				<n1:Line>
					<n1:RecordID>1</n1:RecordID>
					<n1:AccountID>1250</n1:AccountID>
					<n1:Analysis>
						<n1:AnalysisType>A</n1:AnalysisType>
						<n1:AnalysisID>100</n1:AnalysisID>
						<n1:AnalysisAmount>
							<n1:Amount>13000</n1:Amount>
						</n1:AnalysisAmount>
					</n1:Analysis>
					<n1:ValueDate>2017-03-16</n1:ValueDate>
					<n1:SourceDocumentID>1234</n1:SourceDocumentID>
					<n1:Description>Kontorstoler. Faktnr 2017-651</n1:Description>
					<n1:DebitAmount>
						<n1:Amount>13000</n1:Amount>
					</n1:DebitAmount>
					<n1:TaxInformation>
						<n1:TaxType>MVA</n1:TaxType>
						<n1:TaxCode>1</n1:TaxCode>
						<n1:TaxPercentage>25</n1:TaxPercentage>
						<n1:TaxBase>13000</n1:TaxBase>
						<n1:TaxAmount>
							<n1:Amount>3250</n1:Amount>
						</n1:TaxAmount>
					</n1:TaxInformation>
				</n1:Line>
				<n1:Line>
					<n1:RecordID>2</n1:RecordID>
					<n1:AccountID>2400</n1:AccountID>
					<n1:ValueDate>2017-03-16</n1:ValueDate>
					<n1:SourceDocumentID>1234</n1:SourceDocumentID>
					<n1:SupplierID>2000</n1:SupplierID>
					<n1:Description>Kontorstoler. Faktnr 2017-651</n1:Description>
					<n1:CreditAmount>
						<n1:Amount>16250</n1:Amount>
					</n1:CreditAmount>
				</n1:Line>
				<n1:Line>
					<n1:RecordID>3</n1:RecordID>
					<n1:AccountID>2710</n1:AccountID>
					<n1:ValueDate>2017-01-22</n1:ValueDate>
					<n1:SourceDocumentID>1234</n1:SourceDocumentID>
					<n1:Description>MVA</n1:Description>
					<n1:DebitAmount>
						<n1:Amount>3250</n1:Amount>
					</n1:DebitAmount>
				</n1:Line>
			</n1:Transaction>
			<n1:Transaction>
				<n1:TransactionID>1039</n1:TransactionID>
				<n1:Period>03</n1:Period>
				<n1:PeriodYear>2017</n1:PeriodYear>
				<n1:TransactionDate>2017-03-18</n1:TransactionDate>
				<n1:TransactionType>Normal</n1:TransactionType>
				<n1:Description>Innbetaling</n1:Description>
				<n1:SystemEntryDate>2017-03-18</n1:SystemEntryDate>
				<n1:GLPostingDate>2017-03-18</n1:GLPostingDate>
				<n1:Line>
					<n1:RecordID>1</n1:RecordID>
					<n1:AccountID>1920</n1:AccountID>
					<n1:ValueDate>2017-03-18</n1:ValueDate>
					<n1:SourceDocumentID>234</n1:SourceDocumentID>
					<n1:Description>betaling fakturaer</n1:Description>
					<n1:DebitAmount>
						<n1:Amount>744898.75</n1:Amount>
					</n1:DebitAmount>
				</n1:Line>
				<n1:Line>
					<n1:RecordID>2</n1:RecordID>
					<n1:AccountID>1500</n1:AccountID>
					<n1:ValueDate>2017-03-18</n1:ValueDate>
					<n1:SourceDocumentID>237</n1:SourceDocumentID>
					<n1:CustomerID>1001</n1:CustomerID>
					<n1:Description>betaling faktura</n1:Description>
					<n1:CreditAmount>
						<n1:Amount>203648.75</n1:Amount>
					</n1:CreditAmount>
				</n1:Line>
				<n1:Line>
					<n1:RecordID>3</n1:RecordID>
					<n1:AccountID>1500</n1:AccountID>
					<n1:ValueDate>2017-03-18</n1:ValueDate>
					<n1:SourceDocumentID>237</n1:SourceDocumentID>
					<n1:CustomerID>1000</n1:CustomerID>
					<n1:Description>betaling faktura</n1:Description>
					<n1:CreditAmount>
						<n1:Amount>112500</n1:Amount>
					</n1:CreditAmount>
				</n1:Line>
				<n1:Line>
					<n1:RecordID>4</n1:RecordID>
					<n1:AccountID>1500</n1:AccountID>
					<n1:ValueDate>2017-03-16</n1:ValueDate>
					<n1:SourceDocumentID>237</n1:SourceDocumentID>
					<n1:CustomerID>1003</n1:CustomerID>
					<n1:Description>betaling faktura</n1:Description>
					<n1:CreditAmount>
						<n1:Amount>428750</n1:Amount>
					</n1:CreditAmount>
				</n1:Line>
			</n1:Transaction>
			<n1:Transaction>
				<n1:TransactionID>1040</n1:TransactionID>
				<n1:Period>03</n1:Period>
				<n1:PeriodYear>2017</n1:PeriodYear>
				<n1:TransactionDate>2017-03-19</n1:TransactionDate>
				<n1:TransactionType>Normal</n1:TransactionType>
				<n1:Description>Remittering bank</n1:Description>
				<n1:SystemEntryDate>2017-03-19</n1:SystemEntryDate>
				<n1:GLPostingDate>2017-03-19</n1:GLPostingDate>
				<n1:Line>
					<n1:RecordID>1</n1:RecordID>
					<n1:AccountID>1920</n1:AccountID>
					<n1:ValueDate>2017-03-19</n1:ValueDate>
					<n1:SourceDocumentID>1233</n1:SourceDocumentID>
					<n1:Description>Remittering bank</n1:Description>
					<n1:CreditAmount>
						<n1:Amount>144686.25</n1:Amount>
					</n1:CreditAmount>
				</n1:Line>
				<n1:Line>
					<n1:RecordID>2</n1:RecordID>
					<n1:AccountID>2400</n1:AccountID>
					<n1:ValueDate>2017-03-19</n1:ValueDate>
					<n1:SourceDocumentID>1233</n1:SourceDocumentID>
					<n1:SupplierID>2005</n1:SupplierID>
					<n1:Description>Remittering bank</n1:Description>
					<n1:DebitAmount>
						<n1:Amount>15000</n1:Amount>
					</n1:DebitAmount>
				</n1:Line>
				<n1:Line>
					<n1:RecordID>3</n1:RecordID>
					<n1:AccountID>2400</n1:AccountID>
					<n1:ValueDate>2017-03-19</n1:ValueDate>
					<n1:SourceDocumentID>1233</n1:SourceDocumentID>
					<n1:SupplierID>2004</n1:SupplierID>
					<n1:Description>Remittering bank</n1:Description>
					<n1:DebitAmount>
						<n1:Amount>28812.50</n1:Amount>
					</n1:DebitAmount>
				</n1:Line>
				<n1:Line>
					<n1:RecordID>4</n1:RecordID>
					<n1:AccountID>2400</n1:AccountID>
					<n1:ValueDate>2017-03-19</n1:ValueDate>
					<n1:SourceDocumentID>1233</n1:SourceDocumentID>
					<n1:SupplierID>2000</n1:SupplierID>
					<n1:Description>Remittering bank</n1:Description>
					<n1:DebitAmount>
						<n1:Amount>75000</n1:Amount>
					</n1:DebitAmount>
				</n1:Line>
				<n1:Line>
					<n1:RecordID>5</n1:RecordID>
					<n1:AccountID>2400</n1:AccountID>
					<n1:ValueDate>2017-03-19</n1:ValueDate>
					<n1:SourceDocumentID>1233</n1:SourceDocumentID>
					<n1:SupplierID>2003</n1:SupplierID>
					<n1:Description>Remittering bank</n1:Description>
					<n1:DebitAmount>
						<n1:Amount>25000</n1:Amount>
					</n1:DebitAmount>
				</n1:Line>
				<n1:Line>
					<n1:RecordID>6</n1:RecordID>
					<n1:AccountID>2400</n1:AccountID>
					<n1:ValueDate>2017-03-19</n1:ValueDate>
					<n1:SourceDocumentID>1233</n1:SourceDocumentID>
					<n1:SupplierID>2002</n1:SupplierID>
					<n1:Description>Remittering bank</n1:Description>
					<n1:DebitAmount>
						<n1:Amount>873.75</n1:Amount>
					</n1:DebitAmount>
				</n1:Line>
			</n1:Transaction>
			<n1:Transaction>
				<n1:TransactionID>1041</n1:TransactionID>
				<n1:Period>01</n1:Period>
				<n1:PeriodYear>2017</n1:PeriodYear>
				<n1:TransactionDate>2017-01-27</n1:TransactionDate>
				<n1:TransactionType>Normal</n1:TransactionType>
				<n1:Description>Salg av leker</n1:Description>
				<n1:SystemEntryDate>2017-01-27</n1:SystemEntryDate>
				<n1:GLPostingDate>2017-01-30</n1:GLPostingDate>
				<n1:Line>
					<n1:RecordID>1</n1:RecordID>
					<n1:AccountID>3000</n1:AccountID>
					<n1:Analysis>
						<n1:AnalysisType>P</n1:AnalysisType>
						<n1:AnalysisID>202</n1:AnalysisID>
						<n1:AnalysisAmount>
							<n1:Amount>15000</n1:Amount>
						</n1:AnalysisAmount>
					</n1:Analysis>
					<n1:Analysis>
						<n1:AnalysisType>P</n1:AnalysisType>
						<n1:AnalysisID>203</n1:AnalysisID>
						<n1:AnalysisAmount>
							<n1:Amount>53919</n1:Amount>
						</n1:AnalysisAmount>
					</n1:Analysis>
					<n1:Analysis>
						<n1:AnalysisType>P</n1:AnalysisType>
						<n1:AnalysisID>90</n1:AnalysisID>
						<n1:AnalysisAmount>
							<n1:Amount>94000</n1:Amount>
						</n1:AnalysisAmount>
					</n1:Analysis>
					<n1:ValueDate>2017-01-27</n1:ValueDate>
					<n1:SourceDocumentID>14</n1:SourceDocumentID>
					<n1:Description>Salg av leker</n1:Description>
					<n1:CreditAmount>
						<n1:Amount>162919.00</n1:Amount>
					</n1:CreditAmount>
					<n1:TaxInformation>
						<n1:TaxType>MVA</n1:TaxType>
						<n1:TaxCode>2</n1:TaxCode>
						<n1:TaxPercentage>25</n1:TaxPercentage>
						<n1:TaxBase>162919</n1:TaxBase>
						<n1:TaxAmount>
							<n1:Amount>40729.00</n1:Amount>
						</n1:TaxAmount>
					</n1:TaxInformation>
				</n1:Line>
				<n1:Line>
					<n1:RecordID>2</n1:RecordID>
					<n1:AccountID>1500</n1:AccountID>
					<n1:ValueDate>2017-01-27</n1:ValueDate>
					<n1:SourceDocumentID>14</n1:SourceDocumentID>
					<n1:CustomerID>1001</n1:CustomerID>
					<n1:Description>Salg av leker</n1:Description>
					<n1:DebitAmount>
						<n1:Amount>203648.75</n1:Amount>
					</n1:DebitAmount>
				</n1:Line>
				<n1:Line>
					<n1:RecordID>3</n1:RecordID>
					<n1:AccountID>2700</n1:AccountID>
					<n1:ValueDate>2017-01-30</n1:ValueDate>
					<n1:SourceDocumentID>14</n1:SourceDocumentID>
					<n1:Description>Beregnet MVA</n1:Description>
					<n1:CreditAmount>
						<n1:Amount>40729.75</n1:Amount>
					</n1:CreditAmount>
				</n1:Line>
			</n1:Transaction>
			<n1:Transaction>
				<n1:TransactionID>1042</n1:TransactionID>
				<n1:Period>03</n1:Period>
				<n1:PeriodYear>2017</n1:PeriodYear>
				<n1:TransactionDate>2017-03-30</n1:TransactionDate>
				<n1:TransactionType>Normal</n1:TransactionType>
				<n1:Description>Leie maskiner Mars</n1:Description>
				<n1:SystemEntryDate>2017-03-30</n1:SystemEntryDate>
				<n1:GLPostingDate>2017-03-30</n1:GLPostingDate>
				<n1:Line>
					<n1:RecordID>1</n1:RecordID>
					<n1:AccountID>6400</n1:AccountID>
					<n1:Analysis>
						<n1:AnalysisType>A</n1:AnalysisType>
						<n1:AnalysisID>102</n1:AnalysisID>
						<n1:AnalysisAmount>
							<n1:Amount>16500</n1:Amount>
						</n1:AnalysisAmount>
					</n1:Analysis>
					<n1:ValueDate>2017-03-30</n1:ValueDate>
					<n1:SourceDocumentID>125</n1:SourceDocumentID>
					<n1:Description>Leie maskiner mars</n1:Description>
					<n1:DebitAmount>
						<n1:Amount>16500</n1:Amount>
					</n1:DebitAmount>
					<n1:TaxInformation>
						<n1:TaxType>MVA</n1:TaxType>
						<n1:TaxCode>1</n1:TaxCode>
						<n1:TaxPercentage>25</n1:TaxPercentage>
						<n1:TaxBase>16500</n1:TaxBase>
						<n1:TaxAmount>
							<n1:Amount>4125</n1:Amount>
						</n1:TaxAmount>
					</n1:TaxInformation>
				</n1:Line>
				<n1:Line>
					<n1:RecordID>2</n1:RecordID>
					<n1:AccountID>2710</n1:AccountID>
					<n1:ValueDate>2017-03-30</n1:ValueDate>
					<n1:SourceDocumentID>125</n1:SourceDocumentID>
					<n1:Description>Beregnet MVA</n1:Description>
					<n1:DebitAmount>
						<n1:Amount>4125.00</n1:Amount>
					</n1:DebitAmount>
				</n1:Line>
				<n1:Line>
					<n1:RecordID>3</n1:RecordID>
					<n1:AccountID>2400</n1:AccountID>
					<n1:ValueDate>2017-03-30</n1:ValueDate>
					<n1:SourceDocumentID>125</n1:SourceDocumentID>
					<n1:SupplierID>2001</n1:SupplierID>
					<n1:Description>Leie maskiner mars</n1:Description>
					<n1:CreditAmount>
						<n1:Amount>20625.00</n1:Amount>
					</n1:CreditAmount>
				</n1:Line>
			</n1:Transaction>
			<n1:Transaction>
				<n1:TransactionID>1043</n1:TransactionID>
				<n1:Period>04</n1:Period>
				<n1:PeriodYear>2017</n1:PeriodYear>
				<n1:TransactionDate>2017-04-03</n1:TransactionDate>
				<n1:TransactionType>Normal</n1:TransactionType>
				<n1:Description>Faktura 1253 - Deler til bamser</n1:Description>
				<n1:SystemEntryDate>2017-04-03</n1:SystemEntryDate>
				<n1:GLPostingDate>2017-04-03</n1:GLPostingDate>
				<n1:Line>
					<n1:RecordID>1</n1:RecordID>
					<n1:AccountID>4000</n1:AccountID>
					<n1:Analysis>
						<n1:AnalysisType>A</n1:AnalysisType>
						<n1:AnalysisID>102</n1:AnalysisID>
						<n1:AnalysisAmount>
							<n1:Amount>8000</n1:Amount>
						</n1:AnalysisAmount>
					</n1:Analysis>
					<n1:Analysis>
						<n1:AnalysisType>P</n1:AnalysisType>
						<n1:AnalysisID>202</n1:AnalysisID>
						<n1:AnalysisAmount>
							<n1:Amount>8000</n1:Amount>
						</n1:AnalysisAmount>
					</n1:Analysis>
					<n1:ValueDate>2017-04-03</n1:ValueDate>
					<n1:SourceDocumentID>1234</n1:SourceDocumentID>
					<n1:Description>Faktura 1253 - Deler til bamser</n1:Description>
					<n1:DebitAmount>
						<n1:Amount>8000</n1:Amount>
					</n1:DebitAmount>
					<n1:TaxInformation>
						<n1:TaxType>MVA</n1:TaxType>
						<n1:TaxCode>1</n1:TaxCode>
						<n1:TaxPercentage>25</n1:TaxPercentage>
						<n1:TaxBase>8000</n1:TaxBase>
						<n1:TaxAmount>
							<n1:Amount>2000</n1:Amount>
						</n1:TaxAmount>
					</n1:TaxInformation>
					<n1:ReferenceNumber>1155</n1:ReferenceNumber>
				</n1:Line>
				<n1:Line>
					<n1:RecordID>2</n1:RecordID>
					<n1:AccountID>2400</n1:AccountID>
					<n1:ValueDate>2017-04-04</n1:ValueDate>
					<n1:SourceDocumentID>1234</n1:SourceDocumentID>
					<n1:SupplierID>2002</n1:SupplierID>
					<n1:Description>Faktura 1253 - Deler til bamser</n1:Description>
					<n1:CreditAmount>
						<n1:Amount>10000</n1:Amount>
					</n1:CreditAmount>
					<n1:ReferenceNumber>1155</n1:ReferenceNumber>
				</n1:Line>
				<n1:Line>
					<n1:RecordID>3</n1:RecordID>
					<n1:AccountID>2710</n1:AccountID>
					<n1:ValueDate>2017-04-04</n1:ValueDate>
					<n1:SourceDocumentID>1234</n1:SourceDocumentID>
					<n1:Description>Beregnet MVA</n1:Description>
					<n1:DebitAmount>
						<n1:Amount>2000</n1:Amount>
					</n1:DebitAmount>
				</n1:Line>
			</n1:Transaction>
			<n1:Transaction>
				<n1:TransactionID>1044</n1:TransactionID>
				<n1:Period>04</n1:Period>
				<n1:PeriodYear>2017</n1:PeriodYear>
				<n1:TransactionDate>2017-04-05</n1:TransactionDate>
				<n1:TransactionType>Normal</n1:TransactionType>
				<n1:Description>Faktura 638 - Ferdiglakkerte treklosser</n1:Description>
				<n1:SystemEntryDate>2017-04-05</n1:SystemEntryDate>
				<n1:GLPostingDate>2017-04-05</n1:GLPostingDate>
				<n1:Line>
					<n1:RecordID>1</n1:RecordID>
					<n1:AccountID>4000</n1:AccountID>
					<n1:Analysis>
						<n1:AnalysisType>A</n1:AnalysisType>
						<n1:AnalysisID>102</n1:AnalysisID>
						<n1:AnalysisAmount>
							<n1:Amount>22000</n1:Amount>
						</n1:AnalysisAmount>
					</n1:Analysis>
					<n1:Analysis>
						<n1:AnalysisType>P</n1:AnalysisType>
						<n1:AnalysisID>90</n1:AnalysisID>
						<n1:AnalysisAmount>
							<n1:Amount>22000</n1:Amount>
						</n1:AnalysisAmount>
					</n1:Analysis>
					<n1:ValueDate>2017-04-05</n1:ValueDate>
					<n1:SourceDocumentID>834</n1:SourceDocumentID>
					<n1:Description>Faktura 638 - Ferdiglakkerte treklosser</n1:Description>
					<n1:DebitAmount>
						<n1:Amount>22000</n1:Amount>
					</n1:DebitAmount>
					<n1:TaxInformation>
						<n1:TaxType>MVA</n1:TaxType>
						<n1:TaxCode>1</n1:TaxCode>
						<n1:TaxPercentage>25</n1:TaxPercentage>
						<n1:TaxBase>22000</n1:TaxBase>
						<n1:TaxAmount>
							<n1:Amount>5500</n1:Amount>
						</n1:TaxAmount>
					</n1:TaxInformation>
				</n1:Line>
				<n1:Line>
					<n1:RecordID>2</n1:RecordID>
					<n1:AccountID>2400</n1:AccountID>
					<n1:ValueDate>2017-04-05</n1:ValueDate>
					<n1:SourceDocumentID>834</n1:SourceDocumentID>
					<n1:SupplierID>2004</n1:SupplierID>
					<n1:Description>Faktura 638 - Ferdiglakkerte treklosser</n1:Description>
					<n1:CreditAmount>
						<n1:Amount>27500</n1:Amount>
					</n1:CreditAmount>
				</n1:Line>
				<n1:Line>
					<n1:RecordID>3</n1:RecordID>
					<n1:AccountID>2710</n1:AccountID>
					<n1:ValueDate>2017-02-05</n1:ValueDate>
					<n1:SourceDocumentID>1234</n1:SourceDocumentID>
					<n1:Description>Beregnet MVA</n1:Description>
					<n1:DebitAmount>
						<n1:Amount>5500</n1:Amount>
					</n1:DebitAmount>
				</n1:Line>
			</n1:Transaction>
			<n1:Transaction>
				<n1:TransactionID>1047</n1:TransactionID>
				<n1:Period>04</n1:Period>
				<n1:PeriodYear>2017</n1:PeriodYear>
				<n1:TransactionDate>2017-04-06</n1:TransactionDate>
				<n1:TransactionType>Normal</n1:TransactionType>
				<n1:Description>Div deler leker</n1:Description>
				<n1:SystemEntryDate>2017-04-06</n1:SystemEntryDate>
				<n1:GLPostingDate>2017-04-06</n1:GLPostingDate>
				<n1:Line>
					<n1:RecordID>1</n1:RecordID>
					<n1:AccountID>4000</n1:AccountID>
					<n1:Analysis>
						<n1:AnalysisType>P</n1:AnalysisType>
						<n1:AnalysisID>203</n1:AnalysisID>
						<n1:AnalysisAmount>
							<n1:Amount>50000</n1:Amount>
						</n1:AnalysisAmount>
					</n1:Analysis>
					<n1:ValueDate>2017-04-06</n1:ValueDate>
					<n1:SourceDocumentID>500</n1:SourceDocumentID>
					<n1:Description>Div deler leker</n1:Description>
					<n1:DebitAmount>
						<n1:Amount>50000</n1:Amount>
					</n1:DebitAmount>
					<n1:TaxInformation>
						<n1:TaxType>MVA</n1:TaxType>
						<n1:TaxCode>1</n1:TaxCode>
						<n1:TaxPercentage>25</n1:TaxPercentage>
						<n1:TaxBase>50000</n1:TaxBase>
						<n1:TaxAmount>
							<n1:Amount>12500</n1:Amount>
						</n1:TaxAmount>
					</n1:TaxInformation>
				</n1:Line>
				<n1:Line>
					<n1:RecordID>2</n1:RecordID>
					<n1:AccountID>2400</n1:AccountID>
					<n1:ValueDate>2017-04-06</n1:ValueDate>
					<n1:SourceDocumentID>500</n1:SourceDocumentID>
					<n1:SupplierID>2004</n1:SupplierID>
					<n1:Description>Div deler leker</n1:Description>
					<n1:CreditAmount>
						<n1:Amount>62500</n1:Amount>
					</n1:CreditAmount>
				</n1:Line>
				<n1:Line>
					<n1:RecordID>3</n1:RecordID>
					<n1:AccountID>2710</n1:AccountID>
					<n1:ValueDate>2017-04-06</n1:ValueDate>
					<n1:SourceDocumentID>500</n1:SourceDocumentID>
					<n1:Description>Beregnet MVA</n1:Description>
					<n1:DebitAmount>
						<n1:Amount>12500</n1:Amount>
					</n1:DebitAmount>
				</n1:Line>
			</n1:Transaction>
			<n1:Transaction>
				<n1:TransactionID>1048</n1:TransactionID>
				<n1:Period>04</n1:Period>
				<n1:PeriodYear>2017</n1:PeriodYear>
				<n1:TransactionDate>2017-04-08</n1:TransactionDate>
				<n1:TransactionType>Normal</n1:TransactionType>
				<n1:Description>Sjokoladeegg</n1:Description>
				<n1:SystemEntryDate>2017-04-08</n1:SystemEntryDate>
				<n1:GLPostingDate>2017-04-08</n1:GLPostingDate>
				<n1:Line>
					<n1:RecordID>1</n1:RecordID>
					<n1:AccountID>4000</n1:AccountID>
					<n1:Analysis>
						<n1:AnalysisType>A</n1:AnalysisType>
						<n1:AnalysisID>102</n1:AnalysisID>
						<n1:AnalysisAmount>
							<n1:Amount>550.00</n1:Amount>
						</n1:AnalysisAmount>
					</n1:Analysis>
					<n1:ValueDate>2017-04-08</n1:ValueDate>
					<n1:SourceDocumentID>00</n1:SourceDocumentID>
					<n1:Description>Sjokoladeegg Storcash</n1:Description>
					<n1:DebitAmount>
						<n1:Amount>550.00</n1:Amount>
					</n1:DebitAmount>
					<n1:TaxInformation>
						<n1:TaxType>MVA</n1:TaxType>
						<n1:TaxCode>1R</n1:TaxCode>
						<n1:TaxPercentage>15</n1:TaxPercentage>
						<n1:TaxBase>550</n1:TaxBase>
						<n1:TaxAmount>
							<n1:Amount>82.50</n1:Amount>
						</n1:TaxAmount>
					</n1:TaxInformation>
				</n1:Line>
				<n1:Line>
					<n1:RecordID>2</n1:RecordID>
					<n1:AccountID>1900</n1:AccountID>
					<n1:ValueDate>2017-04-08</n1:ValueDate>
					<n1:SourceDocumentID>00</n1:SourceDocumentID>
					<n1:Description>Sjokoladeegg Storcash</n1:Description>
					<n1:CreditAmount>
						<n1:Amount>632.50</n1:Amount>
					</n1:CreditAmount>
				</n1:Line>
				<n1:Line>
					<n1:RecordID>3</n1:RecordID>
					<n1:AccountID>2711</n1:AccountID>
					<n1:ValueDate>2017-04-08</n1:ValueDate>
					<n1:SourceDocumentID>00</n1:SourceDocumentID>
					<n1:Description>Beregnet MVA</n1:Description>
					<n1:DebitAmount>
						<n1:Amount>82.50</n1:Amount>
					</n1:DebitAmount>
				</n1:Line>
			</n1:Transaction>
			<n1:Transaction>
				<n1:TransactionID>1049</n1:TransactionID>
				<n1:Period>04</n1:Period>
				<n1:PeriodYear>2017</n1:PeriodYear>
				<n1:TransactionDate>2017-04-09</n1:TransactionDate>
				<n1:TransactionType>Normal</n1:TransactionType>
				<n1:Description>Salg av leker</n1:Description>
				<n1:SystemEntryDate>2017-04-09</n1:SystemEntryDate>
				<n1:GLPostingDate>2017-04-09</n1:GLPostingDate>
				<n1:Line>
					<n1:RecordID>1</n1:RecordID>
					<n1:AccountID>3000</n1:AccountID>
					<n1:Analysis>
						<n1:AnalysisType>P</n1:AnalysisType>
						<n1:AnalysisID>202</n1:AnalysisID>
						<n1:AnalysisAmount>
							<n1:Amount>200000</n1:Amount>
						</n1:AnalysisAmount>
					</n1:Analysis>
					<n1:Analysis>
						<n1:AnalysisType>P</n1:AnalysisType>
						<n1:AnalysisID>203</n1:AnalysisID>
						<n1:AnalysisAmount>
							<n1:Amount>104000</n1:Amount>
						</n1:AnalysisAmount>
					</n1:Analysis>
					<n1:Analysis>
						<n1:AnalysisType>P</n1:AnalysisType>
						<n1:AnalysisID>90</n1:AnalysisID>
						<n1:AnalysisAmount>
							<n1:Amount>60000</n1:Amount>
						</n1:AnalysisAmount>
					</n1:Analysis>
					<n1:ValueDate>2017-04-09</n1:ValueDate>
					<n1:SourceDocumentID>1234</n1:SourceDocumentID>
					<n1:Description>Salg av leker</n1:Description>
					<n1:CreditAmount>
						<n1:Amount>364000</n1:Amount>
					</n1:CreditAmount>
					<n1:TaxInformation>
						<n1:TaxType>MVA</n1:TaxType>
						<n1:TaxCode>2</n1:TaxCode>
						<n1:TaxPercentage>25</n1:TaxPercentage>
						<n1:TaxBase>364000</n1:TaxBase>
						<n1:TaxAmount>
							<n1:Amount>91000</n1:Amount>
						</n1:TaxAmount>
					</n1:TaxInformation>
				</n1:Line>
				<n1:Line>
					<n1:RecordID>2</n1:RecordID>
					<n1:AccountID>1500</n1:AccountID>
					<n1:ValueDate>2017-04-09</n1:ValueDate>
					<n1:SourceDocumentID>1234</n1:SourceDocumentID>
					<n1:CustomerID>1002</n1:CustomerID>
					<n1:Description>Salg av leker</n1:Description>
					<n1:DebitAmount>
						<n1:Amount>455000</n1:Amount>
					</n1:DebitAmount>
				</n1:Line>
				<n1:Line>
					<n1:RecordID>3</n1:RecordID>
					<n1:AccountID>2700</n1:AccountID>
					<n1:ValueDate>2017-02-12</n1:ValueDate>
					<n1:SourceDocumentID>1234</n1:SourceDocumentID>
					<n1:Description>Beregnet mva</n1:Description>
					<n1:CreditAmount>
						<n1:Amount>91000</n1:Amount>
					</n1:CreditAmount>
				</n1:Line>
			</n1:Transaction>
			<n1:Transaction>
				<n1:TransactionID>1050</n1:TransactionID>
				<n1:Period>04</n1:Period>
				<n1:PeriodYear>2017</n1:PeriodYear>
				<n1:TransactionDate>2017-04-12</n1:TransactionDate>
				<n1:TransactionType>Normal</n1:TransactionType>
				<n1:Description>Salg av Babyleker</n1:Description>
				<n1:SystemEntryDate>2017-04-12</n1:SystemEntryDate>
				<n1:GLPostingDate>2017-04-13</n1:GLPostingDate>
				<n1:Line>
					<n1:RecordID>1</n1:RecordID>
					<n1:AccountID>3000</n1:AccountID>
					<n1:Analysis>
						<n1:AnalysisType>P</n1:AnalysisType>
						<n1:AnalysisID>202</n1:AnalysisID>
						<n1:AnalysisAmount>
							<n1:Amount>12000</n1:Amount>
						</n1:AnalysisAmount>
					</n1:Analysis>
					<n1:Analysis>
						<n1:AnalysisType>P</n1:AnalysisType>
						<n1:AnalysisID>203</n1:AnalysisID>
						<n1:AnalysisAmount>
							<n1:Amount>85700</n1:Amount>
						</n1:AnalysisAmount>
					</n1:Analysis>
					<n1:ValueDate>2017-04-12</n1:ValueDate>
					<n1:SourceDocumentID>78</n1:SourceDocumentID>
					<n1:Description>Salg av Babyleker</n1:Description>
					<n1:CreditAmount>
						<n1:Amount>97700.00</n1:Amount>
					</n1:CreditAmount>
					<n1:TaxInformation>
						<n1:TaxType>MVA</n1:TaxType>
						<n1:TaxCode>2</n1:TaxCode>
						<n1:TaxPercentage>25</n1:TaxPercentage>
						<n1:TaxBase>97700.00</n1:TaxBase>
						<n1:TaxAmount>
							<n1:Amount>24425.00</n1:Amount>
						</n1:TaxAmount>
					</n1:TaxInformation>
				</n1:Line>
				<n1:Line>
					<n1:RecordID>2</n1:RecordID>
					<n1:AccountID>1500</n1:AccountID>
					<n1:ValueDate>2017-04-12</n1:ValueDate>
					<n1:SourceDocumentID>78</n1:SourceDocumentID>
					<n1:CustomerID>1004</n1:CustomerID>
					<n1:Description>Salg av Babyleker</n1:Description>
					<n1:DebitAmount>
						<n1:Amount>122125.00</n1:Amount>
					</n1:DebitAmount>
				</n1:Line>
				<n1:Line>
					<n1:RecordID>3</n1:RecordID>
					<n1:AccountID>2700</n1:AccountID>
					<n1:ValueDate>2017-04-12</n1:ValueDate>
					<n1:SourceDocumentID>78</n1:SourceDocumentID>
					<n1:Description>Beregnet MVA</n1:Description>
					<n1:CreditAmount>
						<n1:Amount>24425.00</n1:Amount>
					</n1:CreditAmount>
				</n1:Line>
			</n1:Transaction>
			<n1:Transaction>
				<n1:TransactionID>1051</n1:TransactionID>
				<n1:Period>04</n1:Period>
				<n1:PeriodYear>2017</n1:PeriodYear>
				<n1:TransactionDate>2017-04-12</n1:TransactionDate>
				<n1:TransactionType>Normal</n1:TransactionType>
				<n1:Description>Ansattlønn april</n1:Description>
				<n1:SystemEntryDate>2017-04-12</n1:SystemEntryDate>
				<n1:GLPostingDate>2017-04-12</n1:GLPostingDate>
				<n1:Line>
					<n1:RecordID>1</n1:RecordID>
					<n1:AccountID>5000</n1:AccountID>
					<n1:Analysis>
						<n1:AnalysisType>A</n1:AnalysisType>
						<n1:AnalysisID>100</n1:AnalysisID>
						<n1:AnalysisAmount>
							<n1:Amount>97800</n1:Amount>
						</n1:AnalysisAmount>
					</n1:Analysis>
					<n1:Analysis>
						<n1:AnalysisType>A</n1:AnalysisType>
						<n1:AnalysisID>101</n1:AnalysisID>
						<n1:AnalysisAmount>
							<n1:Amount>77200</n1:Amount>
						</n1:AnalysisAmount>
					</n1:Analysis>
					<n1:Analysis>
						<n1:AnalysisType>A</n1:AnalysisType>
						<n1:AnalysisID>102</n1:AnalysisID>
						<n1:AnalysisAmount>
							<n1:Amount>199000</n1:Amount>
						</n1:AnalysisAmount>
					</n1:Analysis>
					<n1:ValueDate>2017-04-12</n1:ValueDate>
					<n1:SourceDocumentID>1235</n1:SourceDocumentID>
					<n1:Description>Ansattlønn april</n1:Description>
					<n1:DebitAmount>
						<n1:Amount>374000</n1:Amount>
					</n1:DebitAmount>
				</n1:Line>
				<n1:Line>
					<n1:RecordID>2</n1:RecordID>
					<n1:AccountID>1920</n1:AccountID>
					<n1:ValueDate>2017-04-12</n1:ValueDate>
					<n1:SourceDocumentID>1235</n1:SourceDocumentID>
					<n1:Description>Ansattlønn april</n1:Description>
					<n1:CreditAmount>
						<n1:Amount>374000</n1:Amount>
					</n1:CreditAmount>
				</n1:Line>
			</n1:Transaction>
			<n1:Transaction>
				<n1:TransactionID>1052</n1:TransactionID>
				<n1:Period>04</n1:Period>
				<n1:PeriodYear>2017</n1:PeriodYear>
				<n1:TransactionDate>2017-04-14</n1:TransactionDate>
				<n1:TransactionType>Normal</n1:TransactionType>
				<n1:Description>Innbetalinger bank</n1:Description>
				<n1:SystemEntryDate>2017-04-14</n1:SystemEntryDate>
				<n1:GLPostingDate>2017-04-14</n1:GLPostingDate>
				<n1:Line>
					<n1:RecordID>1</n1:RecordID>
					<n1:AccountID>1920</n1:AccountID>
					<n1:ValueDate>2017-04-14</n1:ValueDate>
					<n1:SourceDocumentID>239</n1:SourceDocumentID>
					<n1:Description>Innbetalinger bank</n1:Description>
					<n1:DebitAmount>
						<n1:Amount>567125</n1:Amount>
					</n1:DebitAmount>
				</n1:Line>
				<n1:Line>
					<n1:RecordID>2</n1:RecordID>
					<n1:AccountID>1500</n1:AccountID>
					<n1:ValueDate>2017-04-14</n1:ValueDate>
					<n1:SourceDocumentID>239</n1:SourceDocumentID>
					<n1:CustomerID>1004</n1:CustomerID>
					<n1:Description>Innbetalinger bank</n1:Description>
					<n1:CreditAmount>
						<n1:Amount>112125</n1:Amount>
					</n1:CreditAmount>
				</n1:Line>
				<n1:Line>
					<n1:RecordID>3</n1:RecordID>
					<n1:AccountID>1500</n1:AccountID>
					<n1:ValueDate>2017-04-14</n1:ValueDate>
					<n1:SourceDocumentID>239</n1:SourceDocumentID>
					<n1:CustomerID>1002</n1:CustomerID>
					<n1:Description>Innbetalinger bank</n1:Description>
					<n1:CreditAmount>
						<n1:Amount>455000</n1:Amount>
					</n1:CreditAmount>
				</n1:Line>
			</n1:Transaction>
			<n1:Transaction>
				<n1:TransactionID>1053</n1:TransactionID>
				<n1:Period>04</n1:Period>
				<n1:PeriodYear>2017</n1:PeriodYear>
				<n1:TransactionDate>2017-04-19</n1:TransactionDate>
				<n1:TransactionType>Normal</n1:TransactionType>
				<n1:Description>Remittering bank</n1:Description>
				<n1:SystemEntryDate>2017-04-19</n1:SystemEntryDate>
				<n1:GLPostingDate>2017-04-19</n1:GLPostingDate>
				<n1:Line>
					<n1:RecordID>1</n1:RecordID>
					<n1:AccountID>1920</n1:AccountID>
					<n1:ValueDate>2017-04-19</n1:ValueDate>
					<n1:SourceDocumentID>1237</n1:SourceDocumentID>
					<n1:Description>Remittering bank</n1:Description>
					<n1:CreditAmount>
						<n1:Amount>70375</n1:Amount>
					</n1:CreditAmount>
				</n1:Line>
				<n1:Line>
					<n1:RecordID>2</n1:RecordID>
					<n1:AccountID>2400</n1:AccountID>
					<n1:ValueDate>2017-04-19</n1:ValueDate>
					<n1:SourceDocumentID>1237</n1:SourceDocumentID>
					<n1:SupplierID>2000</n1:SupplierID>
					<n1:Description>Remittering bank</n1:Description>
					<n1:DebitAmount>
						<n1:Amount>16250</n1:Amount>
					</n1:DebitAmount>
				</n1:Line>
				<n1:Line>
					<n1:RecordID>3</n1:RecordID>
					<n1:AccountID>2400</n1:AccountID>
					<n1:ValueDate>2017-04-19</n1:ValueDate>
					<n1:SourceDocumentID>1238</n1:SourceDocumentID>
					<n1:SupplierID>2001</n1:SupplierID>
					<n1:Description>Remittering bank</n1:Description>
					<n1:DebitAmount>
						<n1:Amount>20625</n1:Amount>
					</n1:DebitAmount>
				</n1:Line>
				<n1:Line>
					<n1:RecordID>4</n1:RecordID>
					<n1:AccountID>2400</n1:AccountID>
					<n1:ValueDate>2017-02-19</n1:ValueDate>
					<n1:SourceDocumentID>1239</n1:SourceDocumentID>
					<n1:SupplierID>2002</n1:SupplierID>
					<n1:Description>Remittering bank</n1:Description>
					<n1:DebitAmount>
						<n1:Amount>10000</n1:Amount>
					</n1:DebitAmount>
				</n1:Line>
				<n1:Line>
					<n1:RecordID>5</n1:RecordID>
					<n1:AccountID>2400</n1:AccountID>
					<n1:ValueDate>2017-02-19</n1:ValueDate>
					<n1:SourceDocumentID>1239</n1:SourceDocumentID>
					<n1:SupplierID>2004</n1:SupplierID>
					<n1:Description>Remittering bank</n1:Description>
					<n1:DebitAmount>
						<n1:Amount>23500</n1:Amount>
					</n1:DebitAmount>
				</n1:Line>
			</n1:Transaction>
			<n1:Transaction>
				<n1:TransactionID>1054</n1:TransactionID>
				<n1:Period>04</n1:Period>
				<n1:PeriodYear>2017</n1:PeriodYear>
				<n1:TransactionDate>2017-04-24</n1:TransactionDate>
				<n1:TransactionType>Normal</n1:TransactionType>
				<n1:Description>Salg til Leker på Nett</n1:Description>
				<n1:SystemEntryDate>2017-04-24</n1:SystemEntryDate>
				<n1:GLPostingDate>2017-04-24</n1:GLPostingDate>
				<n1:Line>
					<n1:RecordID>1</n1:RecordID>
					<n1:AccountID>3000</n1:AccountID>
					<n1:Analysis>
						<n1:AnalysisType>P</n1:AnalysisType>
						<n1:AnalysisID>202</n1:AnalysisID>
						<n1:AnalysisAmount>
							<n1:Amount>35000</n1:Amount>
						</n1:AnalysisAmount>
					</n1:Analysis>
					<n1:Analysis>
						<n1:AnalysisType>P</n1:AnalysisType>
						<n1:AnalysisID>203</n1:AnalysisID>
						<n1:AnalysisAmount>
							<n1:Amount>28500</n1:Amount>
						</n1:AnalysisAmount>
					</n1:Analysis>
					<n1:Analysis>
						<n1:AnalysisType>P</n1:AnalysisType>
						<n1:AnalysisID>90</n1:AnalysisID>
						<n1:AnalysisAmount>
							<n1:Amount>147300</n1:Amount>
						</n1:AnalysisAmount>
					</n1:Analysis>
					<n1:ValueDate>2017-04-24</n1:ValueDate>
					<n1:SourceDocumentID>14</n1:SourceDocumentID>
					<n1:Description>Salg til Leker på Nett</n1:Description>
					<n1:CreditAmount>
						<n1:Amount>210800.00</n1:Amount>
					</n1:CreditAmount>
					<n1:TaxInformation>
						<n1:TaxType>MVA</n1:TaxType>
						<n1:TaxCode>2</n1:TaxCode>
						<n1:TaxPercentage>25</n1:TaxPercentage>
						<n1:TaxBase>210800</n1:TaxBase>
						<n1:TaxAmount>
							<n1:Amount>52700</n1:Amount>
						</n1:TaxAmount>
					</n1:TaxInformation>
				</n1:Line>
				<n1:Line>
					<n1:RecordID>2</n1:RecordID>
					<n1:AccountID>1500</n1:AccountID>
					<n1:ValueDate>2017-04-24</n1:ValueDate>
					<n1:SourceDocumentID>14</n1:SourceDocumentID>
					<n1:CustomerID>1001</n1:CustomerID>
					<n1:Description>Salg til Leker på Nett</n1:Description>
					<n1:DebitAmount>
						<n1:Amount>263500</n1:Amount>
					</n1:DebitAmount>
				</n1:Line>
				<n1:Line>
					<n1:RecordID>3</n1:RecordID>
					<n1:AccountID>2700</n1:AccountID>
					<n1:ValueDate>2017-04-24</n1:ValueDate>
					<n1:SourceDocumentID>14</n1:SourceDocumentID>
					<n1:Description>Beregnet MVA</n1:Description>
					<n1:CreditAmount>
						<n1:Amount>52700</n1:Amount>
					</n1:CreditAmount>
				</n1:Line>
			</n1:Transaction>
			<n1:Transaction>
				<n1:TransactionID>1056</n1:TransactionID>
				<n1:Period>04</n1:Period>
				<n1:PeriodYear>2017</n1:PeriodYear>
				<n1:TransactionDate>2017-04-28</n1:TransactionDate>
				<n1:TransactionType>Normal</n1:TransactionType>
				<n1:Description>Leie maskiner apr</n1:Description>
				<n1:SystemEntryDate>2017-04-28</n1:SystemEntryDate>
				<n1:GLPostingDate>2017-04-28</n1:GLPostingDate>
				<n1:Line>
					<n1:RecordID>1</n1:RecordID>
					<n1:AccountID>6400</n1:AccountID>
					<n1:Analysis>
						<n1:AnalysisType>A</n1:AnalysisType>
						<n1:AnalysisID>102</n1:AnalysisID>
						<n1:AnalysisAmount>
							<n1:Amount>16500</n1:Amount>
						</n1:AnalysisAmount>
					</n1:Analysis>
					<n1:ValueDate>2017-04-27</n1:ValueDate>
					<n1:SourceDocumentID>127</n1:SourceDocumentID>
					<n1:Description>Leie maskiner apr</n1:Description>
					<n1:DebitAmount>
						<n1:Amount>16500</n1:Amount>
					</n1:DebitAmount>
					<n1:TaxInformation>
						<n1:TaxType>MVA</n1:TaxType>
						<n1:TaxCode>1</n1:TaxCode>
						<n1:TaxPercentage>25</n1:TaxPercentage>
						<n1:TaxBase>16500</n1:TaxBase>
						<n1:TaxAmount>
							<n1:Amount>4125</n1:Amount>
						</n1:TaxAmount>
					</n1:TaxInformation>
				</n1:Line>
				<n1:Line>
					<n1:RecordID>2</n1:RecordID>
					<n1:AccountID>2710</n1:AccountID>
					<n1:ValueDate>2017-04-27</n1:ValueDate>
					<n1:SourceDocumentID>127</n1:SourceDocumentID>
					<n1:Description>Beregnet MVA</n1:Description>
					<n1:DebitAmount>
						<n1:Amount>4125.00</n1:Amount>
					</n1:DebitAmount>
				</n1:Line>
				<n1:Line>
					<n1:RecordID>3</n1:RecordID>
					<n1:AccountID>2400</n1:AccountID>
					<n1:ValueDate>2017-04-27</n1:ValueDate>
					<n1:SourceDocumentID>127</n1:SourceDocumentID>
					<n1:SupplierID>2001</n1:SupplierID>
					<n1:Description>Leie maskiner apr</n1:Description>
					<n1:CreditAmount>
						<n1:Amount>20625.00</n1:Amount>
					</n1:CreditAmount>
				</n1:Line>
			</n1:Transaction>
			<n1:Transaction>
				<n1:TransactionID>1057</n1:TransactionID>
				<n1:Period>04</n1:Period>
				<n1:PeriodYear>2017</n1:PeriodYear>
				<n1:TransactionDate>2017-04-30</n1:TransactionDate>
				<n1:TransactionType>Normal</n1:TransactionType>
				<n1:Description>Remittering bank</n1:Description>
				<n1:SystemEntryDate>2017-04-30</n1:SystemEntryDate>
				<n1:GLPostingDate>2017-04-30</n1:GLPostingDate>
				<n1:Line>
					<n1:RecordID>1</n1:RecordID>
					<n1:AccountID>1920</n1:AccountID>
					<n1:ValueDate>2017-04-30</n1:ValueDate>
					<n1:SourceDocumentID>1240</n1:SourceDocumentID>
					<n1:Description>Remittering bank</n1:Description>
					<n1:CreditAmount>
						<n1:Amount>62500</n1:Amount>
					</n1:CreditAmount>
				</n1:Line>
				<n1:Line>
					<n1:RecordID>2</n1:RecordID>
					<n1:AccountID>2400</n1:AccountID>
					<n1:ValueDate>2017-04-30</n1:ValueDate>
					<n1:SourceDocumentID>1240</n1:SourceDocumentID>
					<n1:SupplierID>2004</n1:SupplierID>
					<n1:Description>Remittering bank</n1:Description>
					<n1:DebitAmount>
						<n1:Amount>62500</n1:Amount>
					</n1:DebitAmount>
				</n1:Line>
			</n1:Transaction>
		</n1:Journal>
	</n1:GeneralLedgerEntries>
</n1:AuditFile>