<?xml version="1.0" encoding="UTF-8"?>
<n1:AuditFile xmlns:n1="urn:StandardAuditFile-Taxation-Financial:NO" xmlns:xsi="http://www.w3.org/2001/XMLSchema-instance" xsi:schemaLocation="urn:StandardAuditFile-Taxation-Financial:NO Norwegian_SAF-T_Financial_Schema_v_1.10.xsd">
	<n1:Header>
		<n1:AuditFileVersion>1.0</n1:AuditFileVersion>
		<n1:AuditFileCountry>NO</n1:AuditFileCountry>
		<n1:AuditFileDateCreated>2016-01-15</n1:AuditFileDateCreated>
		<n1:SoftwareCompanyName>Sluttbrukersystemet AS</n1:SoftwareCompanyName>
		<n1:SoftwareID>Regnskapssystemet</n1:SoftwareID>
		<n1:SoftwareVersion>3.14</n1:SoftwareVersion>
		<n1:Company>
			<n1:RegistrationNumber>999999999</n1:RegistrationNumber>
			<n1:Name>Selskapet AS</n1:Name>
			<n1:Address>
				<n1:StreetName>Veien 1</n1:StreetName>
				<n1:City>Trondheim</n1:City>
				<n1:PostalCode>7000</n1:PostalCode>
				<n1:Region>Sør-Trøndelag</n1:Region>
				<n1:Country>NO</n1:Country>
				<n1:AddressType>StreetAddress</n1:AddressType>
			</n1:Address>
			<n1:Address>
				<n1:StreetName>Veien</n1:StreetName>
				<n1:Number>1</n1:Number>
				<n1:AdditionalAddressDetail>c/o Ola Nordmann</n1:AdditionalAddressDetail>
				<n1:City>Trondheim</n1:City>
				<n1:PostalCode>7000</n1:PostalCode>
				<n1:Region>Sør-Trøndelag</n1:Region>
				<n1:Country>NO</n1:Country>
				<n1:AddressType>PostalAddress</n1:AddressType>
			</n1:Address>
			<n1:Contact>
				<n1:ContactPerson>
					<n1:FirstName>Ola</n1:FirstName>
					<n1:Initials>ON</n1:Initials>
					<n1:LastName>Nordmann</n1:LastName>
					<n1:Salutation>Hr.</n1:Salutation>
					<n1:OtherTitles>Daglig leder</n1:OtherTitles>
				</n1:ContactPerson>
				<n1:Telephone>99999999</n1:Telephone>
				<n1:Fax>99999999</n1:Fax>
				<n1:Email>kontaktperson@domene.offline</n1:Email>
				<n1:Website>http://www.domene.offline/</n1:Website>
				<n1:MobilePhone>99999999</n1:MobilePhone>
			</n1:Contact>
			<n1:TaxRegistration>
				<n1:TaxRegistrationNumber>999999999MVA</n1:TaxRegistrationNumber>
				<n1:TaxAuthority>Skatteetaten</n1:TaxAuthority>
				<n1:TaxVerificationDate>2012-07-01</n1:TaxVerificationDate>
			</n1:TaxRegistration>
			<n1:BankAccount>
				<n1:BankAccountNumber>12345678911</n1:BankAccountNumber>
				<n1:BIC>AAAAAAAA</n1:BIC>
				<n1:CurrencyCode>NOK</n1:CurrencyCode>
				<n1:GeneralLedgerAccountID>1925</n1:GeneralLedgerAccountID>
			</n1:BankAccount>
		</n1:Company>
		<n1:DefaultCurrencyCode>NOK</n1:DefaultCurrencyCode>
		<n1:SelectionCriteria>
			<n1:PeriodStart>1</n1:PeriodStart>
			<n1:PeriodStartYear>2015</n1:PeriodStartYear>
			<n1:PeriodEnd>12</n1:PeriodEnd>
			<n1:PeriodEndYear>2015</n1:PeriodEndYear>
		</n1:SelectionCriteria>
		<n1:HeaderComment>Lorem ipsum dolor sit amet...</n1:HeaderComment>
		<n1:TaxAccountingBasis>A</n1:TaxAccountingBasis>
		<n1:UserID>1234</n1:UserID>
	</n1:Header>
	<n1:MasterFiles>
		<n1:GeneralLedgerAccounts>
			<n1:Account>
				<n1:AccountID>1925</n1:AccountID>
				<n1:AccountDescription>Bankkonto 1234.56.78911</n1:AccountDescription>
				<n1:StandardAccountID>19</n1:StandardAccountID>
				<n1:AccountType>GL</n1:AccountType>
				<n1:AccountCreationDate>1974-01-15</n1:AccountCreationDate>
				<n1:OpeningDebitBalance>1234.56</n1:OpeningDebitBalance>
				<n1:ClosingDebitBalance>12345.67</n1:ClosingDebitBalance>
			</n1:Account>
			<n1:Account>
				<n1:AccountID>2400</n1:AccountID>
				<n1:AccountDescription>Leverandørgjeld</n1:AccountDescription>
				<n1:StandardAccountID>24</n1:StandardAccountID>
				<n1:AccountType>GL</n1:AccountType>
				<n1:AccountCreationDate>1974-01-15</n1:AccountCreationDate>
				<n1:OpeningCreditBalance>1234.56</n1:OpeningCreditBalance>
				<n1:ClosingCreditBalance>12345.67</n1:ClosingCreditBalance>
			</n1:Account>
			<n1:Account>
				<n1:AccountID>2740</n1:AccountID>
				<n1:AccountDescription>MVA-konto</n1:AccountDescription>
				<n1:StandardAccountID>27</n1:StandardAccountID>
				<n1:AccountType>GL</n1:AccountType>
				<n1:AccountCreationDate>1974-01-15</n1:AccountCreationDate>
				<n1:OpeningCreditBalance>1234.56</n1:OpeningCreditBalance>
				<n1:ClosingCreditBalance>12345.67</n1:ClosingCreditBalance>
			</n1:Account>
			<n1:Account>
				<n1:AccountID>4000</n1:AccountID>
				<n1:AccountDescription>Varekjøp</n1:AccountDescription>
				<n1:StandardAccountID>43</n1:StandardAccountID>
				<n1:AccountType>GL</n1:AccountType>
				<n1:AccountCreationDate>2008-03-03</n1:AccountCreationDate>
				<n1:OpeningDebitBalance>0</n1:OpeningDebitBalance>
				<n1:ClosingDebitBalance>0</n1:ClosingDebitBalance>
			</n1:Account>
		</n1:GeneralLedgerAccounts>
		<n1:Customers>
			<n1:Customer>
				<n1:RegistrationNumber>999999999</n1:RegistrationNumber>
				<n1:Name>Kunden AS</n1:Name>
				<n1:Address>
					<n1:StreetName>Veien 1</n1:StreetName>
					<n1:City>Trondheim</n1:City>
					<n1:PostalCode>7000</n1:PostalCode>
					<n1:Country>NO</n1:Country>
					<n1:AddressType>StreetAddress</n1:AddressType>
				</n1:Address>
				<n1:Address>
					<n1:StreetName>Postboks 123</n1:StreetName>
					<n1:City>Trondheim</n1:City>
					<n1:PostalCode>7001</n1:PostalCode>
					<n1:Country>NO</n1:Country>
					<n1:AddressType>PostalAddress</n1:AddressType>
				</n1:Address>
				<n1:Contact>
					<n1:ContactPerson>
						<n1:FirstName>Kunde</n1:FirstName>
						<n1:LastName>Kontakt</n1:LastName>
					</n1:ContactPerson>
					<n1:Telephone>99999999</n1:Telephone>
					<n1:Fax>99999999</n1:Fax>
					<n1:Email>kontaktperson@domene.offline</n1:Email>
					<n1:Website>http://www.domene.offline/</n1:Website>
				</n1:Contact>
				<n1:TaxRegistration>
					<n1:TaxRegistrationNumber>999999999MVA</n1:TaxRegistrationNumber>
				</n1:TaxRegistration>
				<n1:BankAccount>
					<n1:IBANNumber>NO4912345678911</n1:IBANNumber>
					<n1:BIC>AAAAAAAA</n1:BIC>
					<n1:CurrencyCode>NOK</n1:CurrencyCode>
					<n1:GeneralLedgerAccountID>1952</n1:GeneralLedgerAccountID>
				</n1:BankAccount>
				<n1:CustomerID>12000</n1:CustomerID>
				<n1:AccountID>1500</n1:AccountID>
				<n1:OpeningDebitBalance>1234.56</n1:OpeningDebitBalance>
				<n1:ClosingDebitBalance>12345.67</n1:ClosingDebitBalance>
				<n1:PartyInfo>
					<n1:PaymentTerms>
						<n1:Days>30</n1:Days>
						<n1:CashDiscountDays>5</n1:CashDiscountDays>
						<n1:CashDiscountRate>2.5</n1:CashDiscountRate>
						<n1:FreeBillingMonth>true</n1:FreeBillingMonth>
					</n1:PaymentTerms>
					<n1:NaceCode>63.110</n1:NaceCode>
					<n1:CurrencyCode>NOK</n1:CurrencyCode>
					<n1:Type>Company</n1:Type>
					<n1:Status>Active</n1:Status>
					<n1:Analysis>
						<n1:AnalysisType>P</n1:AnalysisType>
						<n1:AnalysisID>2000</n1:AnalysisID>
					</n1:Analysis>
					<n1:Notes>Lorem ipsum dolor sit amet...</n1:Notes>
				</n1:PartyInfo>
			</n1:Customer>
		</n1:Customers>
		<n1:Suppliers>
			<n1:Supplier>
				<n1:RegistrationNumber>999999999</n1:RegistrationNumber>
				<n1:Name>Leverandøren AS</n1:Name>
				<n1:Address>
					<n1:StreetName>Veien</n1:StreetName>
					<n1:Number>1</n1:Number>
					<n1:City>Trondheim</n1:City>
					<n1:PostalCode>7000</n1:PostalCode>
					<n1:Country>NO</n1:Country>
					<n1:AddressType>StreetAddress</n1:AddressType>
				</n1:Address>
				<n1:Address>
					<n1:StreetName>Postboks 123</n1:StreetName>
					<n1:City>Trondheim</n1:City>
					<n1:PostalCode>7001</n1:PostalCode>
					<n1:Country>NO</n1:Country>
					<n1:AddressType>PostalAddress</n1:AddressType>
				</n1:Address>
				<n1:Contact>
					<n1:ContactPerson>
						<n1:FirstName>Ola</n1:FirstName>
						<n1:Initials>ON</n1:Initials>
						<n1:LastName>Nordmann</n1:LastName>
						<n1:Salutation>Hr.</n1:Salutation>
						<n1:OtherTitles>Daglig leder</n1:OtherTitles>
					</n1:ContactPerson>
					<n1:Telephone>99999999</n1:Telephone>
					<n1:Fax>99999999</n1:Fax>
					<n1:Email>kontaktperson@domene.offline</n1:Email>
					<n1:Website>http://www.domene.offline/</n1:Website>
				</n1:Contact>
				<n1:TaxRegistration>
					<n1:TaxRegistrationNumber>999999999MVA</n1:TaxRegistrationNumber>
				</n1:TaxRegistration>
				<n1:BankAccount>
					<n1:BankAccountNumber>12345678911</n1:BankAccountNumber>
					<n1:BankAccountName>Firma AS</n1:BankAccountName>
					<n1:SortCode>1234</n1:SortCode>
					<n1:BIC>AAAAAAAA</n1:BIC>
					<n1:CurrencyCode>NOK</n1:CurrencyCode>
					<n1:GeneralLedgerAccountID>1952</n1:GeneralLedgerAccountID>
				</n1:BankAccount>
				<n1:SupplierID>20000</n1:SupplierID>
				<n1:AccountID>2400</n1:AccountID>
				<n1:OpeningCreditBalance>1234.56</n1:OpeningCreditBalance>
				<n1:ClosingCreditBalance>12345.67</n1:ClosingCreditBalance>
				<n1:PartyInfo>
					<n1:PaymentTerms>
						<n1:Months>1</n1:Months>
					</n1:PaymentTerms>
					<n1:NaceCode>63.110</n1:NaceCode>
					<n1:CurrencyCode>NOR</n1:CurrencyCode>
					<n1:Type>Company</n1:Type>
					<n1:Status>Active</n1:Status>
				</n1:PartyInfo>
			</n1:Supplier>
		</n1:Suppliers>
		<n1:TaxTable>
			<n1:TaxTableEntry>
				<n1:TaxType>MVA</n1:TaxType>
				<n1:Description>Merverdiavgift</n1:Description>
				<n1:TaxCodeDetails>
					<n1:TaxCode>14</n1:TaxCode>
					<n1:Description>Inngående avgift, høy sats</n1:Description>
					<n1:TaxPercentage>25</n1:TaxPercentage>
					<n1:Country>NO</n1:Country>
					<n1:StandardTaxCode>1</n1:StandardTaxCode>
					<n1:BaseRate>100</n1:BaseRate>
					<n1:BaseRate>60</n1:BaseRate>
				</n1:TaxCodeDetails>
			</n1:TaxTableEntry>
		</n1:TaxTable>
		<n1:AnalysisTypeTable>
			<n1:AnalysisTypeTableEntry>
				<n1:AnalysisType>A</n1:AnalysisType>
				<n1:AnalysisTypeDescription>Avdeling</n1:AnalysisTypeDescription>
				<n1:AnalysisID>100</n1:AnalysisID>
				<n1:AnalysisIDDescription>Administrasjon</n1:AnalysisIDDescription>
			</n1:AnalysisTypeTableEntry>
			<n1:AnalysisTypeTableEntry>
				<n1:AnalysisType>P</n1:AnalysisType>
				<n1:AnalysisTypeDescription>Prosjekt</n1:AnalysisTypeDescription>
				<n1:AnalysisID>2000</n1:AnalysisID>
				<n1:AnalysisIDDescription>Kontorbygg Aker Brygge</n1:AnalysisIDDescription>
				<n1:StartDate>2015-01-01</n1:StartDate>
				<n1:EndDate>2016-12-31</n1:EndDate>
				<n1:Status>Active</n1:Status>
				<n1:Analysis>
					<n1:AnalysisType>A</n1:AnalysisType>
					<n1:AnalysisID>100</n1:AnalysisID>
				</n1:Analysis>
			</n1:AnalysisTypeTableEntry>
			<n1:AnalysisTypeTableEntry>
				<n1:AnalysisType>B</n1:AnalysisType>
				<n1:AnalysisTypeDescription>Bilagsart</n1:AnalysisTypeDescription>
				<n1:AnalysisID>4</n1:AnalysisID>
				<n1:AnalysisIDDescription>Bank</n1:AnalysisIDDescription>
			</n1:AnalysisTypeTableEntry>
			<n1:AnalysisTypeTableEntry>
				<n1:AnalysisType>B</n1:AnalysisType>
				<n1:AnalysisTypeDescription>Bilagsart</n1:AnalysisTypeDescription>
				<n1:AnalysisID>11</n1:AnalysisID>
				<n1:AnalysisIDDescription>Inngående faktura</n1:AnalysisIDDescription>
			</n1:AnalysisTypeTableEntry>
		</n1:AnalysisTypeTable>
		<n1:Owners>
			<n1:Owner>
				<n1:RegistrationNumber>999999999</n1:RegistrationNumber>
				<n1:Name>Eierselskapet AS</n1:Name>
				<n1:Address>
					<n1:StreetName>Veien 1</n1:StreetName>
					<n1:City>Trondheim</n1:City>
					<n1:PostalCode>7000</n1:PostalCode>
					<n1:Country>NO</n1:Country>
					<n1:AddressType>PostalAddress</n1:AddressType>
				</n1:Address>
				<n1:Contact>
					<n1:ContactPerson>
						<n1:FirstName>Ola</n1:FirstName>
						<n1:LastName>Nordmann</n1:LastName>
					</n1:ContactPerson>
				</n1:Contact>
				<n1:OwnerID>1234</n1:OwnerID>
			</n1:Owner>
			<n1:Owner>
				<n1:Name>Ola Nordmann</n1:Name>
				<n1:Address>
					<n1:StreetName>Veien 1</n1:StreetName>
					<n1:City>Trondheim</n1:City>
					<n1:PostalCode>7000</n1:PostalCode>
					<n1:Country>NO</n1:Country>
					<n1:AddressType>PostalAddress</n1:AddressType>
				</n1:Address>
				<n1:OwnerID>1235</n1:OwnerID>
				<n1:AccountID>1524</n1:AccountID>
			</n1:Owner>			
		</n1:Owners>
	</n1:MasterFiles>
	<n1:GeneralLedgerEntries>
		<n1:NumberOfEntries>2</n1:NumberOfEntries>
		<n1:TotalDebit>25000</n1:TotalDebit>
		<n1:TotalCredit>25000</n1:TotalCredit>
		<n1:Journal>
			<n1:JournalID>A</n1:JournalID>
			<n1:Description>Lorem ipsum dolor sit amet...</n1:Description>
			<n1:Type>A</n1:Type>
			<n1:Transaction>
				<n1:TransactionID>4567</n1:TransactionID>
				<n1:Period>10</n1:Period>
				<n1:PeriodYear>2015</n1:PeriodYear>
				<n1:TransactionDate>2015-10-31</n1:TransactionDate>
				<n1:SourceID>1234</n1:SourceID>
				<n1:TransactionType>Normal</n1:TransactionType>
				<n1:Description>Faktura 123456</n1:Description>
				<n1:BatchID>123</n1:BatchID>
				<n1:SystemEntryDate>2015-10-20</n1:SystemEntryDate>
				<n1:GLPostingDate>2015-10-22</n1:GLPostingDate>
				<n1:SystemID>4567</n1:SystemID>
				<n1:Line>
					<n1:RecordID>1</n1:RecordID>
					<n1:AccountID>4000</n1:AccountID>
					<n1:Analysis>
						<n1:AnalysisType>B</n1:AnalysisType>
						<n1:AnalysisID>11</n1:AnalysisID>
					</n1:Analysis>
					<n1:Analysis>
						<n1:AnalysisType>A</n1:AnalysisType>
						<n1:AnalysisID>100</n1:AnalysisID>
					</n1:Analysis>
					<n1:Analysis>
						<n1:AnalysisType>P</n1:AnalysisType>
						<n1:AnalysisID>2000</n1:AnalysisID>
					</n1:Analysis>
					<n1:ValueDate>2015-10-15</n1:ValueDate>
					<n1:SourceDocumentID>1234</n1:SourceDocumentID>
					<n1:Description>Faktura 123456</n1:Description>
					<n1:DebitAmount>
						<n1:Amount>10000</n1:Amount>
					</n1:DebitAmount>
					<n1:TaxInformation>
						<n1:TaxType>MVA</n1:TaxType>
						<n1:TaxCode>14</n1:TaxCode>
						<n1:TaxPercentage>25</n1:TaxPercentage>
						<n1:TaxBase>10000</n1:TaxBase>
						<n1:TaxAmount>
							<n1:Amount>2500</n1:Amount>
						</n1:TaxAmount>
					</n1:TaxInformation>
					<n1:ReferenceNumber>123456</n1:ReferenceNumber>
					<n1:CID>1234566</n1:CID>
					<n1:SystemEntryTime>2015-10-22T09:30:00</n1:SystemEntryTime>
					<n1:OwnerID>1235</n1:OwnerID>
				</n1:Line>
				<n1:Line>
					<n1:RecordID>2</n1:RecordID>
					<n1:AccountID>2740</n1:AccountID>
					<n1:Analysis>
						<n1:AnalysisType>B</n1:AnalysisType>
						<n1:AnalysisID>11</n1:AnalysisID>
					</n1:Analysis>
					<n1:ValueDate>2015-10-15</n1:ValueDate>
					<n1:SourceDocumentID>1234</n1:SourceDocumentID>
					<n1:Description>Beregnet MVA</n1:Description>
					<n1:DebitAmount>
						<n1:Amount>2500</n1:Amount>
					</n1:DebitAmount>
					<n1:SystemEntryTime>2015-10-22T09:30:00</n1:SystemEntryTime>
				</n1:Line>
				<n1:Line>
					<n1:RecordID>3</n1:RecordID>
					<n1:AccountID>2400</n1:AccountID>
					<n1:Analysis>
						<n1:AnalysisType>B</n1:AnalysisType>
						<n1:AnalysisID>11</n1:AnalysisID>
					</n1:Analysis>
					<n1:ValueDate>2015-10-15</n1:ValueDate>
					<n1:SourceDocumentID>1234</n1:SourceDocumentID>
					<n1:SupplierID>20000</n1:SupplierID>
					<n1:Description>Faktura 123456</n1:Description>
					<n1:CreditAmount>
						<n1:Amount>12500</n1:Amount>
					</n1:CreditAmount>
					<n1:ReferenceNumber>123456</n1:ReferenceNumber>
					<n1:CID>1234566</n1:CID>
					<n1:DueDate>2015-10-31</n1:DueDate>
					<n1:SystemEntryTime>2015-10-22T09:30:00</n1:SystemEntryTime>
				</n1:Line>
			</n1:Transaction>
			<n1:Transaction>
				<n1:TransactionID>5678</n1:TransactionID>
				<n1:Period>10</n1:Period>
				<n1:PeriodYear>2015</n1:PeriodYear>
				<n1:TransactionDate>2015-10-31</n1:TransactionDate>
				<n1:TransactionType>Automated</n1:TransactionType>
				<n1:Description>Bilag 5678</n1:Description>
				<n1:BatchID>234</n1:BatchID>
				<n1:SystemEntryDate>2015-10-31</n1:SystemEntryDate>
				<n1:GLPostingDate>2015-10-31</n1:GLPostingDate>
				<n1:SystemID>5678</n1:SystemID>
				<n1:Line>
					<n1:RecordID>1</n1:RecordID>
					<n1:AccountID>2400</n1:AccountID>
					<n1:Analysis>
						<n1:AnalysisType>B</n1:AnalysisType>
						<n1:AnalysisID>4</n1:AnalysisID>
					</n1:Analysis>
					<n1:ValueDate>2015-10-31</n1:ValueDate>
					<n1:SourceDocumentID>2345</n1:SourceDocumentID>
					<n1:Description>Bank</n1:Description>
					<n1:DebitAmount>
						<n1:Amount>12500</n1:Amount>
					</n1:DebitAmount>
					<n1:CrossReference>123456</n1:CrossReference>
					<n1:SystemEntryTime>2015-10-31T09:30:00</n1:SystemEntryTime>
				</n1:Line>
				<n1:Line>
					<n1:RecordID>2</n1:RecordID>
					<n1:AccountID>1925</n1:AccountID>
					<n1:Analysis>
						<n1:AnalysisType>B</n1:AnalysisType>
						<n1:AnalysisID>4</n1:AnalysisID>
					</n1:Analysis>
					<n1:ValueDate>2015-10-31</n1:ValueDate>
					<n1:SourceDocumentID>2345</n1:SourceDocumentID>
					<n1:Description>Bank</n1:Description>
					<n1:CreditAmount>
						<n1:Amount>12500</n1:Amount>
					</n1:CreditAmount>
					<n1:SystemEntryTime>2015-10-31T09:30:00</n1:SystemEntryTime>
				</n1:Line>
			</n1:Transaction>
		</n1:Journal>
	</n1:GeneralLedgerEntries>
</n1:AuditFile>